2264 3726
343 517 660 578 LIaaalm
818 471 878 603 m7

127 645 214 730 Quid
232 645 291 706 tibi
308 664 377 704 cum
395 643 450 706 tali
461 684 471 718 ,
483 667 488 679 ¹
499 643 645 722 demens,
666 656 713 705 est
727 641 879 707 flumine?

501 727 570 811 quis
589 741 620 786 te

167 811 320 872 Carminis
338 811 431 871 heroi
446 824 575 896 tangere
588 811 681 888 jus'sit
699 810 806 896 opus?

122 896 200 958 Non
214 897 287 958 hinc
303 893 367 956 ulla
384 894 443 954 tibi
462 892 615 980 eperanda
632 907 680 954 est
693 895 788 970 fama,
804 895 880 956 Pro·
909 941 912 958 .

477 1049 479 1053 Ι
499 977 596 1060 perti.

166 1062 285 1124 Mollia
304 1073 376 1120 sunt
393 1061 499 1144 parvis
524 1073 614 1144 prata
636 1059 767 1120 terenda
788 1061 880 1134 rotis,

126 1146 173 1205 Ut
189 1161 262 1204 tuus
279 1146 310 1204 in
328 1163 454 1204 scamno
472 1143 607 1221 jactetur
622 1162 717 1226 saepe
733 1142 881 1218 libellus,

170 1224 882 1321 Quemlegatemspectanssolapuellavirum.
983 1226 986 1242 '

130 1309 197 1370 Cur
212 1324 267 1370 tua
284 1323 498 1396 praescriptos
516 1321 628 1436 evchta
644 1322 692 1368 est
701 1310 816 1395 pagina
827 1333 884 1396 gy-

504 1411 557 1452 1'08
571 1437 578 1452 ι
671 1417 674 1424 ’
692 1430 711 1461 υ

169 1475 247 1536 Non
265 1488 314 1534 est
331 1475 452 1558 ingenii
470 1474 581 1554 cymba
620 1475 755 1536 ravanda
774 1476 834 1536 tui.

127 1558 221 1628 Alter
235 1573 338 1618 remus
356 1578 463 1642 aquas,
482 1557 561 1619 alter
579 1499 640 1617 tiii
656 1558 745 1621 radat
755 1579 884 1634 arenas;

171 1645 272 1702 Tutus
297 1642 378 1702 eris:
402 1640 508 1702 medio
534 1641 671 1701 maxima
695 1642 786 1704 turba
808 1643 886 1702 mari

509 1738 568 1784 est.

129 1801 287 1885 Dixerat,
308 1822 341 1869 et
362 1806 487 1895 plectro
507 1807 614 1868 sedem
635 1807 714 1868 mihi
733 1821 887 1870 monstrat

508 1891 649 1965 eburn0,

144 2004 148 2014 ¹
174 1977 245 2058 Qua
261 1995 347 2036 nova
363 1993 509 2036 muscoso
528 1974 640 2034 semita
655 1974 837 2044 factaksolm

133 2059 196 2118 Hic
214 2073 280 2119 erat
298 2059 409 2119 adfixis
428 2057 540 2120 viridis
556 2055 706 2142 spelunca
722 2055 861 2140 lapillis,

173 2141 416 2226 Pendebantque
431 2143 517 2203 ca'vis
534 2154 683 2225 tympana
698 2138 887 2224 pumicibus.

134 2227 221 2308 Ergo
242 2227 424 2299 Musarum,
443 2238 475 2284 et
492 2223 592 2284 Sileni
610 2223 709 2308 patris
726 2223 832 2306 imago

175 2308 317 2380 Fictilis,
339 2322 371 2368 et
391 2307 520 2382 calami,
542 2306 604 2366 Pan
624 2307 790 2392 Tegeaee,
810 2305 870 2368 tui.

135 2395 177 2454 Et
197 2392 329 2455 Veneris
353 2391 500 2453 dominae
517 2389 684 2463 volucres,
704 2407 774 2449 mea
789 2388 893 2463 turba,

513 2473 677 2534 columbae

179 2560 318 2641 Tingunt
335 2558 513 2642 Gorgoneo
530 2557 645 2618 Punica
663 2569 767 2616 rostra
783 2553 865 2614 lacu.

134 2640 355 2724 Diversaeque
374 2661 490 2702 novem
508 2641 641 2702 sortitae
657 2659 729 2700 rura
743 2637 870 2726 puellae
945 2660 948 2667 ·

181 2725 339 2783 Exercent
356 2738 480 2784 teneras
497 2725 531 2784 in
546 2743 603 2784 sua
619 2723 702 2785 dona
716 2741 835 2783 manus.

137 2807 228 2866 Haec
245 2805 376 2866 hederas
392 2807 472 2891 legit
488 2807 521 2866 in
536 2805 677 2887 thyrsos,
692 2806 772 2868 haec
783 2803 895 2867 carmi·
953 2846 958 2855 ,

408 2945 411 2954 .
515 2911 555 2950 na
573 2913 679 2953 nervis

182 2971 303 3060 Aptat3
327 2984 358 3032 at
375 2971 429 3032 illa
445 2993 539 3032 manu
549 2975 632 3033 texit
641 2974 774 3056 utrique
783 2990 898 3034 ronam.

143 3057 172 3116 E
189 3077 318 3140 quarum
343 3075 474 3116 numero
497 3075 548 3115 me
575 3057 712 3142 contigit
729 3075 790 3116 una
812 3073 901 3116 soro·

519 3161 606 3198 fumi

117 3232 120 3242 '
188 3222 232 3282 Ut
249 3242 322 3284 reor
339 3243 356 3283 a
374 3222 480 3295 facie,
502 3219 668 3308 Calliopea
684 3221 757 3286 fuit>
