2288 3722
426 447 651 552 stara.
880 469 964 561 ns
1031 481 1068 530 -’

160 613 279 676 Omnia
295 613 375 676 haec
390 635 594 700 quaecunque
611 618 696 676 feret
710 613 859 677 voluntas
894 623 902 630 ”

161 693 349 772 Caelitum,
368 712 492 760 tentare
511 699 615 760 simul·
643 697 743 773 sirati,
956 717 958 722 ·

157 779 265 842 Pauca
278 782 424 842 nuntiate
438 801 529 842 meae
543 723 670 866 puellie
776 831 780 838 .

349 864 427 926 Non
440 864 526 926 boua
545 865 649 927 dictas

159 984 245 1046 Cum
266 981 331 1048 suii
348 988 438 1048 vivat
453 987 622 1070 valeatque
637 987 801 1064 moechis,
904 1027 905 1034 κ

158 1070 254 1148 Quos
270 1070 363 1130 simul
381 1070 549 1154 cosnplexa
566 1084 654 1130 tenet
675 1085 855 1147 trecentos,
876 1078 878 1083 ⁴

154 1151 291 1228 Nullum
301 1173 404 1214 amans
415 1151 771 1226 vere,sediaemsidem
780 1155 918 1218 omnium

348 1233 410 1295 Ilia
426 1254 584 1320 rumpens.

153 1359 233 1422 Nec
249 1355 352 1420 meuni
368 1371 550 1443 respectet,
568 1373 605 1421 ut
621 1357 713 1433 ante,
732 1380 890 1437 amorem,

159 1443 230 1523 Qui
249 1442 334 1502 illius
352 1441 443 1526 culpa
464 1441 603 1520 cecidit3
625 1442 714 1504 'velut
731 1446 816 1526 prati

159 1525 277 1588 Ultimi
294 1525 375 1597 flos,
393 1539 617 1610 praetereunte
633 1541 804 1611 postquam

351 1611 467 1670 Tactus
486 1622 591 1672 aratro
612 1623 671 1670 est.

496 1813 577 1878 ΧΙΙᾸ

353 1941 425 2003 ro
468 1905 762 2003 ASINIUML
814 1905 822 1917 “

155 2067 360 2168 Marrucine
376 2109 486 2183 Asini,
504 2129 599 2168 manu
615 2109 742 2168 sinistri

155 2187 235 2250 Non
250 2189 334 2251 belle
351 2194 452 2253 uteris
469 2193 502 2252 in
517 2193 593 2270 joco
611 2200 707 2274 atque
725 2190 821 2252 vino:
844 2245 847 2250 .

158 2271 265 2334 Tollit
281 2273 380 2335 lintea
397 2273 679 2360 negligentiorum.

155 2355 232 2416 Hoc
249 2355 364 2418 salsum
384 2377 454 2418 esse
469 2356 589 2441 putas?
606 2359 692 2442 fugit
711 2372 764 2432 te,
786 2357 916 2444 inepte,

158 2437 313 2516 Quamvis
330 2441 458 2504 sordida
475 2461 525 2502 res
547 2453 579 2501 et
596 2442 763 2502 invenusta
783 2455 841 2504 est.

156 2519 236 2580 Non
254 2523 357 2584 credis
375 2525 480 2588 mihi?
502 2521 606 2585 Crede
623 2524 762 2586 Pollioni
837 2527 840 2543 '

155 2604 279 2680 Fratri,
300 2608 354 2690 qui
372 2623 427 2669 tua
444 2612 529 2670 furta
547 2607 599 2666 vel
617 2607 739 2673 talento

110 2718 114 2732 ·
154 2685 282 2748 Mutari
301 2689 403 2753 velit:
426 2708 474 2752 est
494 2692 576 2750 enim
594 2689 740 2776 leporum

152 2770 305 2832 Disertus
320 2793 422 2858 puer,
441 2797 476 2838 ac
491 2775 688 2834 facetiarum.

155 2851 266 2934 Quare
284 2867 339 2916 aut
353 2855 637 2932 hendecasyllabos
654 2865 814 2919 trecentos

153 2937 338 3022 Exspecta,
356 2955 410 3000 aut
426 2943 505 3004 mihi
522 2939 655 3002 linteum
672 2944 819 3026 remitte,

156 3019 257 3100 Quod
273 3041 324 3082 me
341 3043 404 3085 uon
422 3037 533 3087 movet
551 3025 793 3095 aestimatione,

155 3101 279 3164 Verum
298 3118 347 3164 est
361 3126 590 3188 nsnsmosynon
608 3109 670 3166 mei
689 3106 821 3169 sodalis.

153 3183 241 3248 Nam
258 3187 386 3252 sudaria
402 3191 518 3258 Setaba
533 3209 575 3250 ert
595 3188 727 3252 Hiberis
