2224 3724
122 535 129 570 ‘
296 501 706 614 erusteus*
794 564 851 629 rm

102 675 170 736 Has
187 677 269 736 inter
288 656 415 738 virtutis
436 695 527 762 opes,
547 673 715 736 tolerantia
734 696 836 738 rerum

142 760 317 846 Spernebat
333 774 459 821 cunctas
475 761 655 842 insuperata
676 760 785 821 mines.

100 842 229 904 Vertite
257 843 378 906 nudato
411 858 526 906 ventos
553 841 740 926 piuviasque
769 845 854 905 sere·

318 934 320 942 ’
431 956 437 968 ·
475 928 563 986 bsmc

140 1008 217 1071 Non
243 1010 321 1070 mihi
346 1009 537 1084 solstitium,
562 1028 620 1068 nec
643 1029 738 1092 grave
754 1010 854 1095 frigus

476 1105 561 1154 erat:
591 1117 593 1128 ·

99 1175 250 1237 Inuabam
268 1173 386 1256 gelidas
405 1175 545 1238 Tiberini
564 1171 700 1236 fluminis
716 1175 834 1254 undas3

140 1257 210 1316 Nec
228 1259 326 1334 metui
345 1257 442 1320 dubio
461 1257 588 1324 credere
605 1259 742 1318 membra
756 1260 852 1344 freto.

101 1339 255 1422 Quemvis
279 1342 398 1424 exiguo
420 1342 782 1426 poteramrequiescere
801 1363 853 1404 so-

471 1441 568 1500 mno,
651 1445 653 1454 ’

140 1505 182 1570 Et
201 1506 344 1588 quumvis
354 1502 487 1568 modico
498 1505 634 1570 membra
645 1507 757 1570 fovere
766 1509 852 1572 cibe.

97 1589 141 1650 At
159 1590 186 1648 si
205 1609 255 1650 me
273 1587 380 1655 subito
399 1575 530 1652 vinosui
547 1591 666 1686 reperit
682 1591 819 1677 hospes,

138 1673 204 1734 Aut
221 1672 303 1734 levis
322 1673 402 1734 fecit
419 1693 541 1734 sumere
560 1693 636 1734 vina
651 1673 735 1736 dies:
819 1699 821 1702 ·

99 1753 205 1816 Cessit
230 1771 263 1818 et
288 1758 359 1842 ipse
385 1770 476 1842 peter
500 1753 641 1818 Bacchus
664 1760 851 1843 stupuitque

473 1839 653 1914 bibentem3

137 1923 180 1984 Et
196 1923 377 2009 quicunque
393 1922 477 1986 solet
493 1924 621 1984 vincere
636 1921 740 1984 victus
754 1923 830 1983 abit.
922 1987 925 2002 ,

97 2005 192 2068 Haud
218 2007 313 2068 facile
339 2021 388 2068 est
415 2007 554 2090 animum¹
572 2005 667 2066 tantis
691 2003 852 2068 inflectere

401 2140 403 2152 .
473 2091 587 2162 rebus,

139 2172 252 2234 Utres
270 2173 436 2259 oppositas
454 2195 541 2234 mens
558 2174 718 2232 seratura
735 2169 823 2233 duas.

95 2253 170 2318 Hoc
187 2275 314 2340 quoque
336 2259 488 2319 virtutum
508 2255 665 2340 quondam
683 2255 852 2314 certamine
913 2305 914 2315 ,

472 2359 618 2424 magnum

138 2421 300 2484 Socratem
316 2422 450 2522 Palmam
466 2421 681 2509 promeruisse
699 2421 816 2484 ferunt.

96 2505 180 2566 Hinc
196 2507 292 2566 etiam
309 2505 444 2589 rigidum
459 2517 634 2568 memorant
645 2503 780 2566 valuisse
791 2501 850 2566 Ca·

473 2603 602 2652 tonemt

93 2677 97 2692 '
137 2671 213 2733 Non
230 2672 330 2732 resin
349 2673 488 2746 vitium,
514 2674 571 2734 sed
592 2668 673 2733 male
695 2671 780 2731 facta
801 2691 852 2732 ca·

473 2755 562 2820 dunt.

95 2837 279 2923 Intrepidus
297 2859 503 2926 quaecunque
525 2841 652 2913 forent,
676 2835 716 2900 ad
734 2849 851 2902 uuum·

98 2995 110 3004 ,
474 2919 695 3008 queferebats
822 2989 824 2992 ,

139 3003 301 3070 Cedebant
319 3007 424 3068 animo
439 3009 542 3068 tristia
561 3021 672 3071 cuncta
688 3019 773 3068 meot

95 3088 428 3179 Pauperiemmodico
446 3103 614 3154 contentus
631 3109 754 3174 semper
770 3107 852 3148 ams-

452 3196 527 3252 ·v1;

135 3255 178 3320 Et
198 3257 302 3320 rerum
321 3256 467 3326 domiuus
484 3256 530 3320 nil
549 3253 705 3344 cupiendo
723 3253 781 3318 fui.
823 3333 827 3353 „
