2224 3724
309 273 518 378 alelen
558 276 616 337 IV.
697 318 700 326 v
780 281 884 363 599,

96 401 273 490 Lygdamus
300 385 431 462 uraturs
451 400 617 464 candescat
636 400 749 464 lamina
772 425 842 464 ver·
913 475 917 483 ι

424 515 428 522 ·
465 507 535 546 nae.

137 569 240 642 (Sensi
256 589 335 654 ego,
353 573 420 630 cirm
437 569 560 630 insidiis
575 567 692 658 pallida
706 571 779 632 vina
792 569 841 630 bi·

469 654 528 726 bi.)

93 736 159 796 Aut
176 735 295 797 Nomas
310 757 434 796 arcanas
451 735 545 797 tollat
562 750 689 796 versute
708 735 839 800 salivas:

78 841 86 857 ¹
134 821 240 882 Duces
261 819 417 880 damnatas
432 817 525 904 ignee
543 833 625 880 testa
641 841 760 881 manus.
802 845 809 850 ·

95 905 141 962 Te'
166 903 307 988 patiente
333 922 420 962 meae
447 900 597 966 conflavit
623 904 766 987 imaginis
789 925 842 964 au-

246 995 249 1010 *
466 985 560 1046 rum?

135 1068 254 1128 Ardeae
273 1089 290 1126 e
308 1081 417 1129 nostro
436 1067 542 1129 dotem
561 1069 705 1130 habitura
723 1090 815 1154 rogo.

92 1153 181 1213 Non·
195 1167 299 1210 tamen
323 1151 485 1224 insector,
518 1154 659 1235 qu‘amvis
684 1174 841 1228 mereare,
858 1173 863 1190 ⁸

468 1234 635 1318 Properti:
698 1272 700 1275 v

136 1317 245 1397 Longa
263 1334 331 1374 mea
348 1315 483 1376 inlibris
499 1338 593 1401 regna
609 1320 697 1380 fuere
713 1321 786 1382 tuis.

92 1399 113 1462 J
117 1419 173 1458 uro
191 1418 251 1480 ego
266 1399 414 1462 Fatorum
431 1398 509 1460 nulli
524 1400 700 1462 revolubile
711 1417 842 1478 stamen,
872 1474 876 1481 ἱ

139 1482 407 1564 Tergeminusque
425 1483 508 1542 canis
525 1483 569 1542 sic
585 1483 665 1551 mihi
681 1484 776 1546 molle
793 1509 844 1548 so·

471 1579 545 1638 net,

97 1647 156 1708 Me
185 1649 323 1724 seruisse
349 1646 452 1708 fidem.
484 1647 518 1706 Si
534 1647 633 1723 fello,
659 1650 769 1736 vipera
787 1673 846 1714 no·

474 1745 544 1790 stus

139 1813 254 1873 Sibilet
272 1814 304 1874 in
322 1812 468 1890 tumulis,
492 1828 523 1873 et
541 1833 635 1899 super
653 1834 721 1876 ossa
743 1818 846 1880 cubet.

98 1896 182 1958 Nam
200 1898 323 1981 gemina
346 1911 394 1958 est
412 1897 503 1957 sedes
521 1910 643 1981 turpem
662 1901 773 1960 sortita
790 1923 848 1986 per

476 1999 616 2054 amnem,

142 2063 308 2145 Turbaque
326 2061 449 2125 diverse
466 2066 599 2147 remigat
617 2063 717 2124 omnis
737 2069 828 2148 aquis.

101 2147 170 2207 Una
197 2145 465 2224 Clytaemnestrae
491 2162 631 2232 stuprum
657 2147 757 2222 vehit,
776 2172 851 2212 una·

330 2246 334 2254 ·
476 2253 537 2314 que
557 2230 687 2292 Cressae

141 2313 250 2378 Portae
267 2313 417 2375 mentitae
433 2313 538 2401 lignea
555 2328 693 2376 monstra
710 2317 814 2380 bovis.

101 2397 184 2456 Eece
202 2411 355 2457 coronato
371 2419 441 2482 pars
460 2398 555 2458 altera
573 2413 664 2460 vecta
679 2401 831 2486 phaselo,

23 2547 31 2558 ·
143 2478 268 2538 Muleet
286 2479 340 2539 ubi
357 2480 479 2560 Elysias
496 2503 569 2543 aura
585 2483 678 2544 beata
693 2505 800 2546 rosas:

103 2563 174 2645 Qui
191 2581 357 2623 numerosa
374 2564 470 2638 fides,
491 2569 614 2650 quique
631 2587 701 2628 sera
718 2567 853 2630 rotunda

455 2647 647 2728 :Cybebes,

91 2749 100 2768 ·
145 2728 354 2812 Mitratisque
372 2745 483 2790 sonant
498 2731 596 2810 Lydia
607 2731 725 2819 plectra
736 2735 853 2796 choris.

105 2809 381 2895 Andromedeque,
396 2827 427 2872 et
436 2815 682 2900 Hypermnestre
693 2819 759 2880 sine
769 2821 854 2879 frau-

481 2899 519 2958 de
534 2901 682 2974 maritae,

146 2977 283 3038 Narrant
300 2978 453 3040 historiae
469 2997 598 3066 pectora
618 2999 693 3045 uota
711 3005 796 3046 suae.
