2346 3732
126 766 148 778 ''
254 751 324 832 Illis
345 764 377 810 et
395 749 511 824 silices,
531 765 563 810 et
579 763 713 848 Possunt
732 771 768 811 ce
793 769 845 810 ere

182 369 310 439 '238
434 365 836 436 PROPERTII

250 505 317 589 Qui
341 521 405 564 non
432 499 505 562 auid
528 489 639 588 patet',
659 483 886 562 donec'manus
906 497 1021 590 attigit

328 591 335 614 ¹
632 587 745 645 ossa.'
887 626 892 656 s

297 668 451 752 Quisquis
472 687 525 742 es,
549 665 693 758 adsiduas
713 667 818 812 effuge
832 665 1019 730 blanditias.
1042 713 1046 744 .-

883 771 1017 813 nercusx

292 832 344 896 Ne
363 831 436 892 dum
451 848 492 893 1tu
532 853 611 894 ossas
620 869 630 906 ,
649 833 779 918 spiritus
797 773 969 896 intelevis.

257 917 377 1002 Quare,
397 917 431 976 ni
443 939 492 1001 ¹pu
516 935 554 978 or
569 929 630 989 est,
653 915 745 998 quim
759 915 895 1002 primum
910 931 1017 980 errata
1095 942 1102 960 ·

237 1011 241 1019 “
630 999 745 1060 fatere·

290 1083 411 1144 Dicere
430 1102 493 1166 quo
512 1099 645 1166 pereas,
663 1095 760 1168 'saepe
782 1083 816 1145 in
838 1101 946 1145 amore
962 1083 1012 1144 le-

624 1177 698 1226 van·

237 1339 995 1366 W

455 1491 718 1564 ELEGIA
759 1497 802 1558 X.

251 1627 297 1724 Ο
313 1663 451 1745 jucunda
469 1659 575 1749 quies!
593 1665 696 1750 primo
713 1665 782 1724 cium
798 1663 890 1724 testis
907 1660 1011 1725 amoti

289 1747 463 1813 Adfu'eram
479 1747 595 1810 vestris
605 1748 759 1808 conscius
776 1747 811 1806 in
827 1746 986 1828 lacrymis.

248 1832 278 1894 0
294 1845 422 1896 noctem
446 1831 625 1892 meminisse
650 1829 729 1890 mihi
752 1827 890 1910 jucunda
913 1829 1010 1892 volu·

647 1927 694 1973 tas

288 1999 317 2060 O
337 2001 465 2083 quoties
483 1998 571 2060 votis
588 1936 644 2056 illl
659 1952 803 2057 volancia
823 1992 922 2056 meis!

249 2081 328 2145 Ciam
346 2097 379 2143 te
396 2081 564 2168 complexi
572 2079 772 2154 munientem,
785 2077 888 2153 Galle,
899 2077 1007 2164 puelli
1043 2094 1052 2106 ‘

287 2165 454 2239 Vidimus,
475 2177 510 2224 ee
524 2161 621 2261 longi
638 2161 754 2223 ducere
769 2161 866 2222 verba
882 2165 983 2224 mord.

246 2249 399 2332 Quimvis
427 2245 570 2308 labentes
588 2258 750 2329 premeret
772 2243 851 2304 mihi
875 2265 1004 2308 somnus

491 2325 495 2335 '
623 2326 768 2402 ocellos,

284 2416 328 2473 Et
345 2411 460 2473 mediis
477 2407 570 2472 coelo
588 2411 677 2472 Luna
695 2410 824 2472 ruberet
843 2409 951 2494 equis:
975 2465 979 2471 .

242 2495 320 2558 Non
338 2509 444 2555 tamen
462 2514 479 2554 a
502 2505 611 2555 vestro
629 2495 725 2578 potui
749 2495 898 2555 secedere
916 2493 1001 2571 lusu,

285 2579 405 2638 Tantus
423 2579 457 2637 in
473 2573 601 2638 alternis
617 2577 751 2639 vocibus
769 2577 862 2638 ardor
879 2591 964 2637 erat:

195 2692 196 2701 ¹
243 2659 307 2722 Sed
333 2662 481 2744 quoniam
507 2679 574 2749 nlon
599 2679 632 2720 es
660 2661 781 2722 veritus
809 2659 1000 2724 concredere

605 2743 729 2820 ¹nobis,

281 2826 401 2912 Accipe
418 2825 603 2888 commissae
620 2845 750 2887 munera
763 2823 919 2888 laetitiae.

164 2965 166 2969 .
240 2910 318 2975 Nou
343 2907 446 2972 solum
468 2923 593 2974 vestros
623 2909 721 2970 didici
742 2910 878 2971 reticere
904 2908 1000 2976 dolo·

445 3056 449 3064 ,
616 3014 687 3068 res,

271 3079 340 3140 'Est
356 3077 504 3165 quiddam
518 3077 551 3146 iu
567 3076 782 3157 nobismajus,
798 3077 910 3155 amice,
921 3073 996 3138 lide.
