2336 3732
280 359 337 492 uc
504 365 807 474 xr1rsutn1
912 421 916 430 ⁴

277 539 1032 566 tumn-atfi-

359 773 362 778 “
456 781 725 876 stacte
767 761 870 848 vm

274 915 385 1010 Hunc
403 953 546 1013 cecinere
564 949 648 1010 diem
664 949 777 1010 Parcae
794 949 903 1011 fatalis
917 963 1034 1012 nentes

258 1099 261 1110 1
318 1033 475 1107 Stamina,
495 1052 559 1094 non
577 1031 635 1092 ulli
655 1032 857 1094 dissoluenda
872 1034 967 1094 Deo:

113 1155 122 1170 ι
217 1153 221 1156 -
276 1114 370 1178 Hunc
386 1117 479 1190 fore,
498 1115 673 1198 Aquitanas
693 1129 805 1200 posset
824 1117 879 1200 qui
896 1114 1035 1178 fundere

502 1201 505 1207 ’
652 1211 782 1284 gentes,

320 1280 423 1364 Quem
441 1282 589 1340 tremeret
605 1279 684 1342 forti
701 1279 923 1342 milite-victus
936 1279 1032 1342 Atur.

278 1361 443 1442 Evenerer
460 1382 564 1426 novos
580 1361 684 1446 pubes
696 1363 840 1448 Romana
853 1361 1034 1448 triumphos

319 1446 432 1520 Vidit,
452 1459 485 1504 et
510 1445 653 1507 evinctos
669 1444 797 1516 brachia
813 1459 905 1530 capta
923 1445 1034 1506 duces.

206 1566 209 1578 ·
279 1528 323 1592 At
338 1543 371 1590 te
390 1529 534 1590 victrices
552 1521 679 1602 lauros,
696 1527 851 1604 Messala,
870 1547 1036 1614 gerentem

320 1611 469 1688 Portabat
487 1610 589 1670 niveis
606 1631 713 1670 currus
733 1610 867 1671 eburnus
888 1612 991 1693 equis.

279 1692 356 1756 Non
373 1693 441 1753 sine
459 1713 509 1752 me
533 1706 581 1754 est
603 1691 664 1754 tibi
681 1706 790 1778 partus
814 1689 931 1774 honus,
954 1695 1036 1752 Tar·

355 1827 357 1834 ,
654 1774 738 1836 bella
755 1776 877 1854 Pyrene

322 1859 447 1934 Testis,
465 1872 498 1920 et
514 1857 634 1920 Oceani
649 1856 747 1920 litora
763 1857 939 1922 Santonici.

282 1943 388 2004 Testis
406 1941 496 2017 Arar,
515 1939 751 2024 Rhodanusque
771 1939 867 2015 celer,
888 1961 1054 2024 magnus·.

495 2069 498 2074 -
657 2045 718 2106 que
734 2023 910 2097 Garumna,

324 2106 455 2170 Carnuti
474 2121 506 2168 et
523 2105 598 2184 flavi
615 2105 739 2166 caerula
755 2102 882 2191 lympha
899 2105 1005 2190 Liger.

282 2189 332 2252 An
349 2203 402 2265 te,
421 2189 551 2268 Cydne,
575 2209 701 2260 canam,
722 2189 827 2250 tacitis
846 2188 901 2272 qui
918 2187 1035 2249 leniter

655 2269 747 2330 undis

325 2349 1036 2438 Caeruleisplaciduspcrvadaserpisaquis?

194 2460 198 2466 ·
284 2435 428 2516 Quantus
454 2447 508 2508 et,
533 2432 675 2497 aetherio
702 2437 888 2520 contingens
912 2436 1035 2498 vertice

656 2516 774 2592 nubes,
941 2569 944 2581 ,

322 2596 468 2682 Frigidus
485 2597 630 2660 intonsos
650 2599 770 2660 Taurus
787 2614 853 2660 arat
872 2597 1015 2662 Cilicas?

145 2748 151 2759 ι
185 2687 191 2696 “
250 2735 260 2762 .·
284 2679 372 2761 Quid
394 2677 547 2754 referam',
571 2693 607 2740 ut
630 2681 747 2742 volitet
772 2683 895 2743 crebras
916 2683 1036 2744 intacta

656 2785 714 2848 per
732 2764 824 2826 urbes
963 2827 971 2846 Ι

148 2848 151 2862 ’
254 2889 258 2898 .
314 2843 405 2903 -Alba
422 2842 600 2908 Palaestine
620 2860 725 2908 sancta
745 2846 893 2908 columba
906 2845 1016 2927 Syro?

286 2926 404 3011 thue*
419 2927 512 2988 maris
538 2940 662 2988 vastum
684 2942 871 3016 prospectet
896 2928 1035 2991 turribus

238 3085 241 3090 Ι
302 3066 305 3077 ,
659 3031 779 3094 aequor

172 3094 176 3104 '
276 3141 280 3148 .
325 3093 426 3156 Prima
441 3093 652 3166 ratemventis
663 3095 791 3158 credere
803 3093 1036 3176 doctaTyros?
