2264 3726
449 377 501 404 '‘
791 375 845 424 i.

316 504 631 568 LIBERIII.
790 509 848 568 552
930 517 934 521 '

84 635 187 698 Unde
213 635 280 696 salo
307 648 455 720 superant
481 633 570 724 venti
585 646 605 693 τ’
628 629 704 715 quid
725 631 849 694 flamine

322 727 325 741 '
470 729 578 800 captet

132 805 256 864 Eurus:
275 804 354 861 etin
371 779 471 863 riubes
489 797 574 858 unde
591 799 738 883 perennis
751 817 847 884 aquas
871 829 873 839 ‚

85 887 125 947 Si
154 889 285 949 rentura
310 885 397 960 dies,
424 881 533 944 mundi
557 903 637 966 quae
657 883 784 954 subruat
801 905 849 943 ar·

121 1019 125 1028 .
468 987 541 1028 ces:

128 1053 309 1138 Purpureus
317 1050 443 1136 pluvias
458 1069 513 1112 cur
528 1048 610 1107 bibit
622 1065 715 1108 ‘arcus
732 1067 846 1132 aquas:

85 1137 155 1197 Aut
164 1159 219 1196 cur
228 1134 396 1212 Perrhaebi
406 1148 564 1194 tremuere
575 1133 735 1193 cacumina
745 1133 848 1210 Pindi,

132 1219 216 1280 Solis
234 1232 266 1278 et
283 1219 392 1277 atratis
408 1216 528 1278 luxerit
544 1216 630 1276 orbis
645 1221 753 1300 equis:

88 1301 156 1363 Cur
174 1323 261 1362 serus
278 1321 405 1362 versare
420 1301 521 1362 boves
530 1340 539 1372 ‚
561 1313 594 1358 et
607 1298 747 1384 plaustra
760 1301 848 1364 Boo-

466 1399 533 1445 tes:

128 1467 414 1553 Pleiadum,spisso
441 1489 496 1529 cur
507 1468 580 1528 ¹coit
596 1465 695 1526 imbre
713 1468 844 1530 chorus:

89 1551 196 1614 Curre
216 1572 289 1612 suos
308 1553 385 1613 fines
403 1551 500 1612 altum
516 1572 581 1622 non
603 1565 698 1610 exeat
715 1543 846 1636 aquei,
917 1605 943 1644 ,1

126 1637 243 1696 Plenus
262 1637 344 1697 etin
361 1650 468 1722 partes
488 1649 625 1719 quatuor
642 1655 739 1694 annus
756 1651 825 1696 eat:

87 1720 151 1782 Sub
169 1721 261 1781 terris
280 1722 306 1780 si
321 1722 395 1799 jura·
412 1721 541 1794 Derim,
558 1731 592 1778 et
612 1731 770 1780 tormenta
790 1719 846 1778 Gi·
878 1778 887 1794 ,

466 1818 595 1890 gentum
606 1824 614 1864 ἑ

131 1888 323 2028 ΤὶεὶΓὴοιιεε
341 1902 417 1948 atro·
430 1890 457 1947 si
473 1889 553 1948 furit
573 1907 674 1970 angue
692 1901 804 1968 caput:

90 1971 154 2032 Aut
172 1971 200 2030 A

215 1973 397 2032 cmaeoniae
415 1972 539 2044 furiae,
563 1985 616 2029 aut
635 1971 755 2048 jejunia
773 1970 845 2028 Phi·

464 2073 539 2130 ποις

129 2135 215 2196 Num
234 2149 319 2212 rota,
337 2130 413 2197 irum
429 2137 568 2223 scopuii,
586 2157 658 2195 num
677 2136 747 2196 sitis
763 2137 845 2197 inter

464 2239 581 2305 aquas:

92 2301 175 2364 Num
191 2303 290 2364 tribus
304 2305 462 2376 infernum
478 2303 620 2366 custodit
621 2303 779 2405 faucibus
791 2323 844 2364 an·

464 2405 547 2451 trum

132 2467 299 2546 Cerberus,
318 2485 349 2532 et
366 2473 464 2554 Tityo
480 2476 842 2558 jugerapaucanovem:

95 2552 141 2614 An
158 2553 229 2614 ficta
244 2545 281 2614 in
302 2559 430 2617 miseras
458 2556 621 2618 descendit
643 2555 751 2616 fabula
769 2579 845 2642 gen·

99 2723 102 2744 ¹
129 2721 174 2794 Et,
185 2723 282 2782 timor
298 2722 383 2784 haud
405 2723 507 2795 ultra,
527 2724 618 2808 quim
637 2744 753 2810 rogus,
773 2745 841 2786 esse

462 2821 582 2894 potest.

93 2888 202 2948 Exitus
226 2888 278 2951 bic
301 2893 388 2953 vitae
407 2908 535 2980 superet
551 2893 640 2954 mihi.
672 2892 752 2968 Vos,
772 2893 842 2976 qui·

463 2979 521 3037 bus
540 2997 623 3038 arma

132 3057 225 3122 Grata
249 3063 370 3150 magis,
396 3060 502 3124 Crassi
526 3064 614 3145 signa
639 3063 757 3126 referte
781 3058 839 3120 do-

463 3167 557 3209 mum.

971 3025 976 3035 '
999 3013 1009 3053 k
