<?xml version="1.0" encoding="UTF-8"?>
<!DOCTYPE html PUBLIC "-//W3C//DTD XHTML 1.0 Transitional//EN"
    "http://www.w3.org/TR/xhtml1/DTD/xhtml1-transitional.dtd">
<html xmlns="http://www.w3.org/1999/xhtml" xml:lang="en" lang="en">
 <head>
  <title>
</title>
<meta http-equiv="Content-Type" content="text/html;charset=utf-8" />
  <meta name='ocr-system' content='tesseract 3.04.00' />
  <meta name='ocr-capabilities' content='ocr_page ocr_carea ocr_par ocr_line ocrx_word'/>
</head>
<body>
  <div class='ocr_page' id='page_1' title='image "./catullustibullu01tibugoog_0436.png"; bbox 0 0 2224 3724; ppageno 0'>
   <div class='ocr_carea' id='block_1_1' title="bbox 291 523 850 610">
    <p class='ocr_par' dir='ltr' id='par_1_1' title="bbox 291 523 850 610">
     <span class='ocr_line' id='line_1_1' title="bbox 291 523 850 610; baseline -0.002 -24"><span class='ocrx_word' id='word_1_1' title='bbox 291 523 711 586; x_wconf 65' lang='lat' dir='ltr'><strong>marmus.¹</strong></span> <span class='ocrx_word' id='word_1_2' title='bbox 790 535 850 610; x_wconf 53' lang='lat' dir='ltr'><strong>rm</strong></span> 
     </span>
    </p>
   </div>
   <div class='ocr_carea' id='block_1_2' title="bbox 84 649 901 1711">
    <p class='ocr_par' dir='ltr' id='par_1_2' title="bbox 84 649 901 1711">
     <span class='ocr_line' id='line_1_2' title="bbox 87 649 850 793; baseline -0.003 -80"><span class='ocrx_word' id='word_1_3' title='bbox 87 653 178 713; x_wconf 85' lang='lat' dir='ltr'><strong>·Esse</strong></span> <span class='ocrx_word' id='word_1_4' title='bbox 195 649 273 711; x_wconf 90' lang='lat' dir='ltr'><strong>libet</strong></span> <span class='ocrx_word' id='word_1_5' title='bbox 292 665 445 712; x_wconf 83' lang='lat' dir='ltr'><strong>saturum:</strong></span> <span class='ocrx_word' id='word_1_6' title='bbox 470 663 609 793; x_wconf 58' lang='lat' dir='ltr'><strong>satlurum</strong></span> <span class='ocrx_word' id='word_1_7' title='bbox 625 667 702 736; x_wconf 81' lang='lat' dir='ltr'><strong>mox</strong></span> <span class='ocrx_word' id='word_1_8' title='bbox 717 669 785 710; x_wconf 85' lang='lat' dir='ltr'><strong>esse</strong></span> <span class='ocrx_word' id='word_1_9' title='bbox 799 653 850 738; x_wconf 85' lang='lat' dir='ltr'><strong>pi·</strong></span> 
     </span>
     <span class='ocr_line' id='line_1_3' title="bbox 494 737 578 795; baseline 0.012 -1"><span class='ocrx_word' id='word_1_10' title='bbox 494 756 510 794; x_wconf 88' lang='lat' dir='ltr'><strong>e</strong></span> <span class='ocrx_word' id='word_1_11' title='bbox 533 737 578 795; x_wconf 83' lang='lat' dir='ltr'><strong>itr</strong></span> 
     </span>
     <span class='ocr_line' id='line_1_4' title="bbox 133 759 846 890; baseline 0.003 -14"><span class='ocrx_word' id='word_1_12' title='bbox 133 817 274 880; x_wconf 75' lang='lat' dir='ltr'><strong>Praestat</strong></span> <span class='ocrx_word' id='word_1_13' title='bbox 299 833 335 879; x_wconf 92' lang='lat' dir='ltr'><strong>ut</strong></span> <span class='ocrx_word' id='word_1_14' title='bbox 362 759 559 890; x_wconf 67' lang='lat' dir='ltr'><strong>abstinegam,</strong></span> <span class='ocrx_word' id='word_1_15' title='bbox 589 831 635 877; x_wconf 83' lang='lat' dir='ltr'><strong>ast</strong></span> <span class='ocrx_word' id='word_1_16' title='bbox 660 816 846 878; x_wconf 81' lang='lat' dir='ltr'>abstinuisse</span> 
     </span>
     <span class='ocr_line' id='line_1_5' title="bbox 466 915 573 962; baseline -0.019 0"><span class='ocrx_word' id='word_1_17' title='bbox 466 915 573 962; x_wconf 89' lang='lat' dir='ltr'><strong>nocet.</strong></span> 
     </span>
     <span class='ocr_line' id='line_1_6' title="bbox 84 981 846 1072; baseline -0.003 -26"><span class='ocrx_word' id='word_1_18' title='bbox 84 983 186 1066; x_wconf 66' lang='lat' dir='ltr'><strong>,Quae</strong></span> <span class='ocrx_word' id='word_1_19' title='bbox 209 984 306 1048; x_wconf 79' lang='lat' dir='ltr'><strong>modo</strong></span> <span class='ocrx_word' id='word_1_20' title='bbox 327 987 514 1072; x_wconf 76' lang='lat' dir='ltr'><strong>profuerat,</strong></span> <span class='ocrx_word' id='word_1_21' title='bbox 533 981 688 1045; x_wconf 76' lang='lat' dir='ltr'><strong>contraria</strong></span> <span class='ocrx_word' id='word_1_22' title='bbox 703 983 846 1044; x_wconf 83' lang='lat' dir='ltr'><strong>redditur</strong></span> 
     </span>
     <span class='ocr_line' id='line_1_7' title="bbox 466 1087 558 1129; baseline -0.011 0"><span class='ocrx_word' id='word_1_23' title='bbox 466 1087 558 1129; x_wconf 86' lang='lat' dir='ltr'><strong>esca:</strong></span> 
     </span>
     <span class='ocr_line' id='line_1_8' title="bbox 130 1125 901 1235; baseline 0.004 -26"><span class='ocrx_word' id='word_1_24' title='bbox 130 1150 284 1211; x_wconf 78' lang='lat' dir='ltr'><strong>Fastidita</strong></span> <span class='ocrx_word' id='word_1_25' title='bbox 300 1153 395 1230; x_wconf 81' lang='lat' dir='ltr'><strong>jacet,</strong></span> <span class='ocrx_word' id='word_1_26' title='bbox 415 1170 495 1235; x_wconf 86' lang='lat' dir='ltr'><strong>quae</strong></span> <span class='ocrx_word' id='word_1_27' title='bbox 512 1150 607 1212; x_wconf 84' lang='lat' dir='ltr'><strong>modb</strong></span> <span class='ocrx_word' id='word_1_28' title='bbox 627 1125 839 1224; x_wconf 64' lang='lat' dir='ltr'><strong>duleis⁸erat.·</strong></span> <span class='ocrx_word' id='word_1_29' title='bbox 898 1135 901 1156; x_wconf 71' lang='grc'><strong>’</strong></span> 
     </span>
     <span class='ocr_line' id='line_1_9' title="bbox 86 1231 843 1322; baseline 0.003 -28"><span class='ocrx_word' id='word_1_30' title='bbox 86 1231 161 1294; x_wconf 91' lang='lat' dir='ltr'><strong>Nec</strong></span> <span class='ocrx_word' id='word_1_31' title='bbox 181 1233 313 1294; x_wconf 82' lang='lat' dir='ltr'><strong>Veneris</strong></span> <span class='ocrx_word' id='word_1_32' title='bbox 331 1248 403 1294; x_wconf 88' lang='lat' dir='ltr'><strong>sunt</strong></span> <span class='ocrx_word' id='word_1_33' title='bbox 420 1250 507 1322; x_wconf 80' lang='lat' dir='ltr'><strong>grata</strong></span> <span class='ocrx_word' id='word_1_34' title='bbox 525 1234 622 1308; x_wconf 88' lang='lat' dir='ltr'><strong>mihi,</strong></span> <span class='ocrx_word' id='word_1_35' title='bbox 640 1253 698 1296; x_wconf 87' lang='lat' dir='ltr'><strong>nec</strong></span> <span class='ocrx_word' id='word_1_36' title='bbox 714 1253 843 1296; x_wconf 80' lang='lat' dir='ltr'><strong>munera</strong></span> 
     </span>
     <span class='ocr_line' id='line_1_10' title="bbox 463 1317 597 1391; baseline -0.015 -15"><span class='ocrx_word' id='word_1_37' title='bbox 463 1317 597 1391; x_wconf 86' lang='lat' dir='ltr'><strong>Bacchi,</strong></span> 
     </span>
     <span class='ocr_line' id='line_1_11' title="bbox 129 1397 849 1542; baseline 0.004 -84"><span class='ocrx_word' id='word_1_38' title='bbox 129 1397 201 1459; x_wconf 88' lang='lat' dir='ltr'><strong>Nec</strong></span> <span class='ocrx_word' id='word_1_39' title='bbox 228 1399 380 1484; x_wconf 85' lang='lat' dir='ltr'><strong>quidquid</strong></span> <span class='ocrx_word' id='word_1_40' title='bbox 403 1402 491 1542; x_wconf 54' lang='grc' dir='ltr'><strong>νίῑῗε</strong></span> <span class='ocrx_word' id='word_1_41' title='bbox 517 1399 626 1459; x_wconf 84' lang='lat' dir='ltr'><strong>fal-lere</strong></span> <span class='ocrx_word' id='word_1_42' title='bbox 652 1399 762 1460; x_wconf 87' lang='lat' dir='ltr'><strong>damna</strong></span> <span class='ocrx_word' id='word_1_43' title='bbox 786 1420 849 1512; x_wconf 81' lang='lat' dir='ltr'><strong>so-¹</strong></span> 
     </span>
     <span class='ocr_line' id='line_1_12' title="bbox 475 1497 518 1544; baseline 0 0"><span class='ocrx_word' id='word_1_44' title='bbox 475 1497 518 1544; x_wconf 81' lang='lat' dir='ltr'><strong>et·</strong></span> 
     </span>
     <span class='ocr_line' id='line_1_13' title="bbox 86 1563 839 1710; baseline 0.003 -86"><span class='ocrx_word' id='word_1_45' title='bbox 86 1563 163 1626; x_wconf 86' lang='lat' dir='ltr'><strong>Sola</strong></span> <span class='ocrx_word' id='word_1_46' title='bbox 179 1567 283 1644; x_wconf 83' lang='lat' dir='ltr'><strong>J’acenr</strong></span> <span class='ocrx_word' id='word_1_47' title='bbox 300 1581 410 1628; x_wconf 82' lang='lat' dir='ltr'><strong>natura</strong></span> <span class='ocrx_word' id='word_1_48' title='bbox 424 1580 541 1710; x_wconf 53' lang='lat' dir='ltr'><strong>malsluet,</strong></span> <span class='ocrx_word' id='word_1_49' title='bbox 562 1585 641 1649; x_wconf 84' lang='lat' dir='ltr'><strong>quae</strong></span> <span class='ocrx_word' id='word_1_50' title='bbox 657 1580 770 1652; x_wconf 82' lang='lat' dir='ltr'><strong>sponte</strong></span> <span class='ocrx_word' id='word_1_51' title='bbox 781 1587 839 1652; x_wconf 82' lang='lat' dir='ltr'><strong>per</strong></span> 
     </span>
     <span class='ocr_line' id='line_1_14' title="bbox 485 1669 555 1711; baseline -0.057 0"><span class='ocrx_word' id='word_1_52' title='bbox 485 1669 555 1711; x_wconf 83' lang='lat' dir='ltr'><strong>oras</strong></span> 
     </span>
    </p>
   </div>
   <div class='ocr_carea' id='block_1_3' title="bbox 83 1729 836 1902">
    <p class='ocr_par' dir='ltr' id='par_1_3' title="bbox 83 1729 836 1902">
     <span class='ocr_line' id='line_1_15' title="bbox 128 1729 773 1818; baseline 0.003 -27"><span class='ocrx_word' id='word_1_53' title='bbox 128 1729 290 1808; x_wconf 79' lang='lat' dir='ltr'><strong>Solvitur,</strong></span> <span class='ocrx_word' id='word_1_54' title='bbox 312 1747 345 1793; x_wconf 89' lang='lat' dir='ltr'><strong>et</strong></span> <span class='ocrx_word' id='word_1_55' title='bbox 362 1735 444 1796; x_wconf 85' lang='lat' dir='ltr'><strong>vitio</strong></span> <span class='ocrx_word' id='word_1_56' title='bbox 461 1733 602 1818; x_wconf 80' lang='lat' dir='ltr'><strong>carpitur</strong></span> <span class='ocrx_word' id='word_1_57' title='bbox 621 1735 687 1816; x_wconf 81' lang='lat' dir='ltr'><strong>ipsa</strong></span> <span class='ocrx_word' id='word_1_58' title='bbox 704 1754 773 1795; x_wconf 83' lang='lat' dir='ltr'><strong>suo.</strong></span> 
     </span>
     <span class='ocr_line' id='line_1_16' title="bbox 83 1812 836 1902; baseline 0.004 -27"><span class='ocrx_word' id='word_1_59' title='bbox 83 1812 115 1874; x_wconf 89' lang='lat' dir='ltr'>N</span> <span class='ocrx_word' id='word_1_60' title='bbox 120 1833 161 1893; x_wconf 75' lang='lat' dir='ltr'><strong>ou</strong></span> <span class='ocrx_word' id='word_1_61' title='bbox 175 1829 285 1900; x_wconf 84' lang='lat' dir='ltr'><strong>potus,</strong></span> <span class='ocrx_word' id='word_1_62' title='bbox 304 1832 434 1902; x_wconf 84' lang='lat' dir='ltr'><strong>experta</strong></span> <span class='ocrx_word' id='word_1_63' title='bbox 445 1817 522 1876; x_wconf 82' lang='lat' dir='ltr'><strong>mihi</strong></span> <span class='ocrx_word' id='word_1_64' title='bbox 533 1815 749 1891; x_wconf 84' lang='lat' dir='ltr'><strong>medicamina,</strong></span> <span class='ocrx_word' id='word_1_65' title='bbox 760 1836 836 1902; x_wconf 88' lang='lat' dir='ltr'><strong>pro·</strong></span> 
     </span>
    </p>
   </div>
   <div class='ocr_carea' id='block_1_4' title="bbox 76 1907 841 3298">
    <p class='ocr_par' dir='ltr' id='par_1_4' title="bbox 76 1907 841 3298">
     <span class='ocr_line' id='line_1_17' title="bbox 439 1907 552 1974; baseline -0.009 -14"><span class='ocrx_word' id='word_1_66' title='bbox 439 1907 552 1974; x_wconf 84' lang='lat' dir='ltr'><strong>&#39;eunt,</strong></span> 
     </span>
     <span class='ocr_line' id='line_1_18' title="bbox 76 1979 834 2068; baseline 0.001 -28"><span class='ocrx_word' id='word_1_67' title='bbox 76 2049 82 2060; x_wconf 30' lang='grc' dir='ltr'><strong><em>ι</em></strong></span> <span class='ocrx_word' id='word_1_68' title='bbox 126 1979 201 2042; x_wconf 87' lang='lat' dir='ltr'><strong>Non</strong></span> <span class='ocrx_word' id='word_1_69' title='bbox 217 1984 317 2068; x_wconf 80' lang='lat' dir='ltr'><strong>aegris</strong></span> <span class='ocrx_word' id='word_1_70' title='bbox 336 1983 489 2068; x_wconf 88' lang='lat' dir='ltr'><strong>quidquid</strong></span> <span class='ocrx_word' id='word_1_71' title='bbox 503 1986 586 2044; x_wconf 84' lang='lat' dir='ltr'><strong>ferre</strong></span> <span class='ocrx_word' id='word_1_72' title='bbox 597 1982 719 2044; x_wconf 83' lang='lat' dir='ltr'><strong>solebat</strong></span> <span class='ocrx_word' id='word_1_73' title='bbox 730 2001 834 2066; x_wconf 87' lang='lat' dir='ltr'><strong>opem.</strong></span> 
     </span>
     <span class='ocr_line' id='line_1_19' title="bbox 83 2063 835 2155; baseline 0.003 -32"><span class='ocrx_word' id='word_1_74' title='bbox 83 2063 147 2124; x_wconf 87' lang='lat' dir='ltr'><strong>Sed</strong></span> <span class='ocrx_word' id='word_1_75' title='bbox 164 2086 232 2127; x_wconf 89' lang='lat' dir='ltr'><strong>cum</strong></span> <span class='ocrx_word' id='word_1_76' title='bbox 248 2069 379 2131; x_wconf 75' lang='lat' dir='ltr'><strong>materia</strong></span> <span class='ocrx_word' id='word_1_77' title='bbox 397 2082 543 2155; x_wconf 86' lang='lat' dir='ltr'><strong>pereunt,</strong></span> <span class='ocrx_word' id='word_1_78' title='bbox 561 2085 763 2150; x_wconf 87' lang='lat' dir='ltr'><strong>quaeeunque</strong></span> <span class='ocrx_word' id='word_1_79' title='bbox 778 2087 835 2150; x_wconf 83' lang='lat' dir='ltr'><strong>pa·</strong></span> 
     </span>
     <span class='ocr_line' id='line_1_20' title="bbox 456 2163 583 2226; baseline -0.008 -16"><span class='ocrx_word' id='word_1_80' title='bbox 456 2163 583 2226; x_wconf 74' lang='lat' dir='ltr'><strong>rantnr3</strong></span> 
     </span>
     <span class='ocr_line' id='line_1_21' title="bbox 123 2231 813 2318; baseline 0 -28"><span class='ocrx_word' id='word_1_81' title='bbox 123 2233 174 2291; x_wconf 89' lang='lat' dir='ltr'><strong>Fit</strong></span> <span class='ocrx_word' id='word_1_82' title='bbox 190 2235 289 2318; x_wconf 82' lang='lat' dir='ltr'><strong>magis</strong></span> <span class='ocrx_word' id='word_1_83' title='bbox 307 2247 339 2294; x_wconf 90' lang='lat' dir='ltr'><strong>et</strong></span> <span class='ocrx_word' id='word_1_84' title='bbox 357 2234 475 2295; x_wconf 87' lang='lat' dir='ltr'><strong>damnis</strong></span> <span class='ocrx_word' id='word_1_85' title='bbox 493 2235 616 2294; x_wconf 87' lang='lat' dir='ltr'><strong>tristior</strong></span> <span class='ocrx_word' id='word_1_86' title='bbox 631 2252 708 2292; x_wconf 88' lang='lat' dir='ltr'><strong>urna</strong></span> <span class='ocrx_word' id='word_1_87' title='bbox 722 2231 813 2292; x_wconf 83' lang='lat' dir='ltr'><strong>meis.</strong></span> 
     </span>
     <span class='ocr_line' id='line_1_22' title="bbox 81 2313 834 2402; baseline 0.003 -30"><span class='ocrx_word' id='word_1_88' title='bbox 81 2313 174 2380; x_wconf 81' lang='lat' dir='ltr'><strong>Nunc</strong></span> <span class='ocrx_word' id='word_1_89' title='bbox 192 2337 281 2377; x_wconf 77' lang='lat' dir='ltr'><strong>secus</strong></span> <span class='ocrx_word' id='word_1_90' title='bbox 303 2319 471 2379; x_wconf 86' lang='lat' dir='ltr'><strong>instantem</strong></span> <span class='ocrx_word' id='word_1_91' title='bbox 489 2318 620 2402; x_wconf 81' lang='lat' dir='ltr'><strong>cupiens</strong></span> <span class='ocrx_word' id='word_1_92' title='bbox 635 2314 749 2376; x_wconf 83' lang='lat' dir='ltr'><strong>fulcire</strong></span> <span class='ocrx_word' id='word_1_93' title='bbox 768 2314 834 2375; x_wconf 90' lang='lat' dir='ltr'><strong>rui·</strong></span> 
     </span>
     <span class='ocr_line' id='line_1_23' title="bbox 93 2418 546 2474; baseline -0.007 -11"><span class='ocrx_word' id='word_1_94' title='bbox 93 2418 95 2428; x_wconf 93' lang='lat'>&#39;</span> <span class='ocrx_word' id='word_1_95' title='bbox 453 2423 546 2474; x_wconf 87' lang='lat' dir='ltr'><strong>nam,</strong></span> 
     </span>
     <span class='ocr_line' id='line_1_24' title="bbox 121 2481 738 2546; baseline 0.003 -6"><span class='ocrx_word' id='word_1_96' title='bbox 121 2481 271 2544; x_wconf 83' lang='lat' dir='ltr'><strong>Diversis</strong></span> <span class='ocrx_word' id='word_1_97' title='bbox 290 2487 397 2546; x_wconf 74' lang='lat' dir='ltr'><strong>contra</strong></span> <span class='ocrx_word' id='word_1_98' title='bbox 414 2488 525 2546; x_wconf 88' lang='lat' dir='ltr'><strong>nititur</strong></span> <span class='ocrx_word' id='word_1_99' title='bbox 544 2481 707 2544; x_wconf 75' lang='lat' dir='ltr'><strong>obicibus:</strong></span> <span class='ocrx_word' id='word_1_100' title='bbox 734 2493 738 2504; x_wconf 97' lang='grc'>’</span> 
     </span>
     <span class='ocr_line' id='line_1_25' title="bbox 79 2564 829 2653; baseline 0.004 -30"><span class='ocrx_word' id='word_1_101' title='bbox 79 2565 195 2626; x_wconf 86' lang='lat' dir='ltr'><strong>Donec</strong></span> <span class='ocrx_word' id='word_1_102' title='bbox 213 2565 308 2653; x_wconf 87' lang='lat' dir='ltr'><strong>longa</strong></span> <span class='ocrx_word' id='word_1_103' title='bbox 327 2568 414 2642; x_wconf 86' lang='lat' dir='ltr'><strong>dies,</strong></span> <span class='ocrx_word' id='word_1_104' title='bbox 439 2571 524 2632; x_wconf 88' lang='lat' dir='ltr'><strong>omni</strong></span> <span class='ocrx_word' id='word_1_105' title='bbox 541 2587 694 2653; x_wconf 75' lang='lat' dir='ltr'><strong>compare</strong></span> <span class='ocrx_word' id='word_1_106' title='bbox 713 2564 829 2640; x_wconf 70' lang='lat' dir='ltr'><strong>soluti,</strong></span> 
     </span>
     <span class='ocr_line' id='line_1_26' title="bbox 120 2648 747 2732; baseline 0.005 -25"><span class='ocrx_word' id='word_1_107' title='bbox 120 2648 227 2732; x_wconf 86' lang='lat' dir='ltr'><strong>Ipsum</strong></span> <span class='ocrx_word' id='word_1_108' title='bbox 244 2671 313 2710; x_wconf 90' lang='lat' dir='ltr'><strong>cum</strong></span> <span class='ocrx_word' id='word_1_109' title='bbox 328 2652 421 2713; x_wconf 88' lang='lat' dir='ltr'><strong>rebus</strong></span> <span class='ocrx_word' id='word_1_110' title='bbox 438 2653 567 2714; x_wconf 85' lang='lat' dir='ltr'><strong>subruat</strong></span> <span class='ocrx_word' id='word_1_111' title='bbox 583 2653 654 2712; x_wconf 80' lang='lat' dir='ltr'><strong>aux&#39;</strong></span> <span class='ocrx_word' id='word_1_112' title='bbox 672 2651 747 2711; x_wconf 85' lang='lat' dir='ltr'><strong>ium.</strong></span> 
     </span>
     <span class='ocr_line' id='line_1_27' title="bbox 79 2731 830 2818; baseline 0.003 -27"><span class='ocrx_word' id='word_1_113' title='bbox 79 2731 186 2814; x_wconf 85' lang='lat' dir='ltr'><strong>Quid,</strong></span> <span class='ocrx_word' id='word_1_114' title='bbox 214 2733 300 2818; x_wconf 81' lang='lat' dir='ltr'><strong>qudd</strong></span> <span class='ocrx_word' id='word_1_115' title='bbox 322 2735 407 2798; x_wconf 86' lang='lat' dir='ltr'><strong>nulla</strong></span> <span class='ocrx_word' id='word_1_116' title='bbox 429 2735 536 2798; x_wconf 76' lang='lat' dir='ltr'><strong>levant</strong></span> <span class='ocrx_word' id='word_1_117' title='bbox 554 2737 689 2797; x_wconf 89' lang='lat' dir='ltr'><strong>animum</strong></span> <span class='ocrx_word' id='word_1_118' title='bbox 707 2747 830 2818; x_wconf 85' lang='lat' dir='ltr'><strong>specta·</strong></span> 
     </span>
     <span class='ocr_line' id='line_1_28' title="bbox 452 2819 664 2891; baseline -0.019 -11"><span class='ocrx_word' id='word_1_119' title='bbox 452 2819 522 2881; x_wconf 83' lang='lat' dir='ltr'><strong>cula</strong></span> <span class='ocrx_word' id='word_1_120' title='bbox 542 2839 664 2891; x_wconf 88' lang='lat' dir='ltr'><strong>rerum,</strong></span> 
     </span>
     <span class='ocr_line' id='line_1_29' title="bbox 117 2897 841 2965; baseline 0.01 -8"><span class='ocrx_word' id='word_1_121' title='bbox 117 2897 188 2959; x_wconf 90' lang='lat' dir='ltr'><strong>Nec</strong></span> <span class='ocrx_word' id='word_1_122' title='bbox 206 2900 286 2961; x_wconf 89' lang='lat' dir='ltr'><strong>mala</strong></span> <span class='ocrx_word' id='word_1_123' title='bbox 305 2915 355 2963; x_wconf 87' lang='lat' dir='ltr'><strong>tot</strong></span> <span class='ocrx_word' id='word_1_124' title='bbox 372 2902 458 2964; x_wconf 80' lang='lat' dir='ltr'><strong>vitae</strong></span> <span class='ocrx_word' id='word_1_125' title='bbox 476 2901 671 2965; x_wconf 81' lang='lat' dir='ltr'><strong>dissimulare</strong></span> <span class='ocrx_word' id='word_1_126' title='bbox 687 2900 789 2964; x_wconf 74' lang='lat' dir='ltr'><strong>licet?</strong></span> <span class='ocrx_word' id='word_1_127' title='bbox 839 2951 841 2964; x_wconf 87' lang='lat'><em>.</em></span> 
     </span>
     <span class='ocr_line' id='line_1_30' title="bbox 78 2981 828 3071; baseline 0.007 -31"><span class='ocrx_word' id='word_1_128' title='bbox 78 2981 184 3066; x_wconf 86' lang='lat' dir='ltr'><strong>Turpe</strong></span> <span class='ocrx_word' id='word_1_129' title='bbox 201 2985 269 3044; x_wconf 82' lang='lat' dir='ltr'><strong>seui</strong></span> <span class='ocrx_word' id='word_1_130' title='bbox 285 2984 392 3046; x_wconf 85' lang='lat' dir='ltr'><strong>vultus</strong></span> <span class='ocrx_word' id='word_1_131' title='bbox 407 2987 523 3064; x_wconf 87' lang='lat' dir='ltr'><strong>nitidi,</strong></span> <span class='ocrx_word' id='word_1_132' title='bbox 545 3000 713 3071; x_wconf 84' lang='lat' dir='ltr'><strong>vestesque</strong></span> <span class='ocrx_word' id='word_1_133' title='bbox 731 2984 828 3046; x_wconf 86' lang='lat' dir='ltr'><strong>deeo-</strong></span> 
     </span>
     <span class='ocr_line' id='line_1_31' title="bbox 437 3085 505 3132; baseline 0 -1"><span class='ocrx_word' id='word_1_134' title='bbox 437 3085 505 3132; x_wconf 87' lang='lat' dir='ltr'><strong>&#39;rae</strong></span> 
     </span>
     <span class='ocr_line' id='line_1_32' title="bbox 115 3111 825 3240; baseline 0.006 -33"><span class='ocrx_word' id='word_1_135' title='bbox 115 3145 222 3234; x_wconf 81' lang='lat' dir='ltr'><strong>Atque</strong></span> <span class='ocrx_word' id='word_1_136' title='bbox 241 3152 336 3237; x_wconf 79' lang='lat' dir='ltr'><strong>etiam</strong></span> <span class='ocrx_word' id='word_1_137' title='bbox 353 3165 402 3215; x_wconf 87' lang='lat' dir='ltr'><strong>est</strong></span> <span class='ocrx_word' id='word_1_138' title='bbox 419 3111 525 3240; x_wconf 78' lang='lat' dir='ltr'><strong>ipsuui</strong></span> <span class='ocrx_word' id='word_1_139' title='bbox 540 3154 651 3218; x_wconf 81' lang='lat' dir='ltr'><strong>virere</strong></span> <span class='ocrx_word' id='word_1_140' title='bbox 666 3167 759 3238; x_wconf 81' lang='lat' dir='ltr'><strong>turpe</strong></span> <span class='ocrx_word' id='word_1_141' title='bbox 776 3169 825 3211; x_wconf 82' lang='lat' dir='ltr'><strong>re-</strong></span> 
     </span>
     <span class='ocr_line' id='line_1_33' title="bbox 433 3259 529 3298; baseline 0.01 -1"><span class='ocrx_word' id='word_1_142' title='bbox 433 3259 529 3298; x_wconf 75' lang='lat' dir='ltr'><strong>uem.</strong></span> 
     </span>
    </p>
   </div>
   <div class='ocr_carea' id='block_1_5' title="bbox 0 0 1116 3724">
    <p class='ocr_par' dir='ltr' id='par_1_5' title="bbox 0 0 1116 3724">
     <span class='ocr_line' id='line_1_34' title="bbox 0 0 1116 3724; baseline 0 4"><span class='ocrx_word' id='word_1_143' title='bbox 0 0 1116 3724; x_wconf 95' lang='lat' dir='ltr'><strong> </strong></span> 
     </span>
    </p>
   </div>
  </div>
 </body>
</html>
