2346 3732
377 391 747 478 alaunlv.⁴
821 397 906 457 eos

95 557 100 564 ·
148 521 222 586 Nec
247 519 426 607 quadrupes
451 517 563 578 densas
590 517 769 604 depascitur
795 537 907 604 aspera
952 549 954 558 x

530 600 647 684 siluas,
706 608 709 612 '

152 689 231 751 Cum
255 689 371 772 largita
385 687 449 746 tuis
473 699 544 744 sunt
563 699 648 746 muta
667 685 793 747 silentia
809 687 907 748 votis.

149 776 190 840 Ju
214 775 297 859 piter
315 774 386 856 ipse
404 769 469 830 levi
486 783 605 829 vectus
618 791 681 850 per.
692 770 797 830 inania
816 777 932 832 curru*

149 799 282 931 affuit,
303 869 334 916 et
352 853 446 914 coelo
463 853 602 913 vicinum
619 853 714 937 liquit
724 854 907 938 Olympum,
952 861 961 880 “

150 942 341 1023 latentique
358 939 420 997 tuis
434 936 580 1022 precibus
596 959 629 996 se
646 938 793 1020 praebuit
813 959 886 997 aure
896 962 906 1015 3

152 1023 336 1107 Cunctaque
356 1022 463 1082 veraci
484 1021 589 1104 capite
605 1021 737 1081 adnuit.
770 1019 909 1084 Additus

382 1121 384 1130 ⁴
532 1123 592 1164 ans

151 1191 285 1252 Laetior
296 1188 397 1248 eluxit
405 1199 541 1248 structos
560 1208 653 1272 super
670 1187 750 1272 ignis
767 1191 908 1250 acervos.
1001 1185 1004 1201 '

152 1275 243 1355 Quin
258 1269 405 1332 hortante
422 1271 497 1332 Deo
515 1271 635 1364 magnis
653 1273 800 1332 insistere
816 1271 910 1330 rebus

152 1357 265 1441 Incipe
273 1379 283 1433 3
301 1375 364 1416 non
380 1353 477 1416 iidem
491 1354 636 1496 ¹tibihsnint
652 1354 785 1438 aliisque
801 1357 911 1458 ariun-

578 1461 600 1497 ι,
682 1463 687 1474 .

153 1521 231 1584 Non
248 1535 280 1582 te
297 1523 401 1582 vicino
418 1461 629 1582 remorsiisitur
647 1521 743 1581 obvia
758 1522 867 1581 Marte

151 1604 257 1666 Gallia
267 1647 276 1681 ,
296 1627 354 1666 nec
369 1605 444 1664 latis
462 1604 566 1665 audax
585 1604 739 1689 Hispania
757 1606 849 1664 terris
859 1629 869 1682 3

152 1689 224 1750 Nec
241 1691 308 1750 fera
325 1687 471 1749 Theraeo
490 1687 585 1748 tellus
604 1688 731 1749 obsessa
749 1688 889 1764 colono3

151 1773 223 1834 Nec
239 1777 301 1858 qua
319 1771 373 1834 vel
391 1771 497 1846 Nilus,
508 1769 559 1831 vel
568 1773 658 1854 regia
667 1771 794 1856 lympha
803 1771 912 1834 Choa-

533 1873 546 1912 a
572 1875 605 1912 es

152 1939 298 2014 Profluit,
316 1951 370 2000 aut
385 1875 625 2079 rapidus,dgyri
645 1936 816 2012 dementia,
836 1939 914 1996 Gin-

556 2039 589 2078 es

153 2106 251 2167 Radit
269 2105 443 2165 Arectaeos
461 2103 545 2164 haud
562 2123 624 2162 una
646 2123 704 2191 per
729 2101 812 2163 ostia
831 2122 915 2161 cam-

132 2261 135 2270 ,
534 2207 617 2272 P⁰³3

153 2272 226 2333 Nec
240 2271 299 2355 qui
314 2291 408 2356 regna
419 2289 502 2357 vago
513 2273 661 2351 Tomyris
673 2270 778 2330 finivit
788 2267 914 2346 Araxe3

118 2383 123 2390 ·
154 2357 257 2442 Impia
276 2375 334 2416 nec
352 2355 455 2416 saevis
479 2353 640 2416 celebrans
660 2355 811 2416 convivia
826 2375 914 2412 men-

538 2458 581 2496 sis
872 2485 874 2492 Α

156 2521 277 2582 Ultima
295 2522 417 2582 vicinus
432 2521 564 2582 Phoebo
576 2537 663 2583 tenet
674 2543 747 2582 arva
755 2519 895 2583 Padaeus
906 2543 916 2599 3

158 2607 294 2690 Quique
311 2605 440 2666 Histrus
458 2607 636 2688 Tanaisque
654 2607 749 2666 Getas
769 2608 852 2692 rigat
870 2620 918 2666 at·

281 2747 286 2766 ,
540 2711 601 2771 qua
619 2693 788 2771 Mosynos.
921 2687 924 2696 ’

115 2791 121 2802 ·
159 2771 247 2854 Quid
262 2769 396 2834 moror?
418 2769 564 2832 Oceanus
586 2788 687 2857 ponto
705 2773 920 2858 quicontinet

541 2858 670 2917 orbem:

155 2935 259 2998 Nulla
274 2939 334 2998 tibi
351 2937 492 2998 adversis
508 2943 597 3024 regio
610 2961 679 3000 sese
690 2941 805 3000 offeret
816 2937 919 3000 armis.

133 3021 139 3030 “
165 3023 213 3082 Te
232 3035 335 3082 manet
353 3023 490 3086 invictus
506 3018 653 3085 Romano
672 3024 781 3084 Marte
797 3013 920 3106 lirieau·

541 3130 618 3180 nus,
