2264 3726
104 295 174 336 ·.
273 277 333 340 536
458 276 859 340 PROPEMII

246 404 248 416 '
270 405 343 480 Ite,
364 419 593 478 inassuetas,
613 417 645 462 et
661 398 721 464 leti
738 405 841 463 texite
862 423 994 467 causas.

313 491 379 550 Ista
402 509 460 574 per
485 488 634 549 humanas
658 507 743 548 mors
768 487 858 549 veuit
881 503 956 550 acta
974 511 1048 552 ma·

651 591 722 630 nus.

271 659 368 716 Terra
379 674 488 740 parum
502 655 623 715 fuerat:
643 655 718 729 fatis
730 653 902 731 adjecimus
915 655 1045 718 undas:

310 737 451 798 Naturae
470 739 597 798 miseras
619 738 764 796 auximus
786 739 955 799 arterias.

269 822 418 882 Anchota
435 835 468 880 te
487 834 606 894 teneat,
628 839 721 904 quem
745 839 809 880 non
824 833 962 882 tenuere
983 843 1046 909 pe.

258 961 267 978 „
654 901 770 964 nates?

314 986 402 1069 Quid
425 989 570 1048 metitum
599 983 705 1059 dicas,
735 986 786 1044 cui
803 1005 859 1046 sua
877 999 965 1047 terra
983 1009 1044 1074 pa·

407 1083 411 1092 “
649 1091 717 1130 rum
734 1067 807 1128 est?

268 1156 409 1214 Fortuna
427 1153 556 1214 iusidias
574 1165 709 1237 pontum
727 1151 899 1212 substravit
919 1155 1040 1215 avaris.

312 1227 354 1296 llt
371 1237 431 1296 tibi
449 1235 608 1309 succedat,
628 1237 685 1296 vix
701 1234 798 1294 semel
819 1254 888 1294 esse
907 1251 1036 1320 potest.

267 1320 445 1381 Ventorum
470 1333 539 1393 est,
568 1317 779 1404 quodcunque
804 1335 917 1402 paras:
946 1319 1035 1380 haud

293 1451 295 1458 ,
646 1402 709 1462 ulla
724 1401 829 1460 carina
939 1409 942 1420 ⁴

192 1547 197 1560 ,
309 1485 502 1548 Consenuit:
526 1485 609 1545 fallit
624 1487 744 1570 portus·
755 1497 787 1543 et
808 1485 878 1568 ipse
895 1483 1010 1547 fidem.

266 1569 346 1630 Sunt
364 1569 629 1654 Agamemnonias
647 1568 797 1640 testantia
816 1565 910 1628 litora
923 1589 1030 1644 curas,
1118 1559 1120 1582 ¹

309 1654 400 1736 Quae
415 1665 507 1712 notat
516 1653 658 1735 Argynni
670 1671 775 1736 poena
784 1651 922 1710 natantis
934 1658 1031 1735 aqui.

264 1737 337 1798 Hoc
354 1737 470 1815 juvene
486 1729 604 1796 amisso
616 1735 745 1795 classem
755 1732 929 1794 nonsolvit
939 1737 1030 1795 Atri-

647 1817 724 1877 des:

276 1933 279 1940 ·
307 1902 366 1964 Pro
387 1904 447 1987 qua
464 1914 599 1963 mactata
616 1915 664 1960 est
680 1899 848 1984 Iphigenia
865 1901 971 1962 mori:
1015 1908 1030 1932 “·

264 1986 348 2047 Saxa
358 1985 562 2071 triumphales
574 1986 698 2068 fregere
709 1979 874 2067 Capherea
884 2005 1025 2069 puppes,

304 2069 468 2154 Naufraga
485 2070 555 2131 taur
576 2081 668 2128 vasto
689 2065 823 2126 Graecia
838 2079 940 2127 tracta
955 2067 1027 2130 salo

646 2163 706 2210 est.

262 2238 415 2300 Paulatim
434 2237 555 2298 socitlm
572 2236 724 2312 jacturam
740 2231 830 2295 llevit
845 2232 981 2310 Ulixes,
1015 2225 1020 2236 ’

303 2322 342 2382 In
360 2341 444 2381 mare
462 2319 514 2378 cui
531 2315 620 2378 soliti
640 2337 703 2378 non
721 2314 851 2376 valuere
869 2315 951 2378 doli.

182 2454 186 2462 ,
262 2407 356 2466 Hunc
374 2399 473 2489 pario
485 2402 562 2460 ferri
572 2400 654 2460 vidit
671 2411 737 2461 n'ox
754 2399 898 2483 improba
913 2399 1023 2483 liguo:

303 2489 417 2548 Paetus
436 2499 472 2544 ut
490 2481 672 2555 occideret,
690 2497 741 2542 tot
758 2483 868 2542 coiere
883 2483 978 2552 mala.

261 2570 339 2632 Non
354 2570 429 2630 tulit
443 2567 517 2627 huic¹
525 2581 636 2650 pectus
647 2565 816 2626 stridorem
827 2564 936 2626 audire
944 2588 1025 2652 pro.

213 2652 216 2658 '
640 2647 760 2724 cellae,

302 2729 344 2794 Et
362 2733 441 2794 duro
463 2743 586 2792 teneras
602 2731 729 2793 laedere
745 2734 822 2792 fune
839 2751 972 2794 manus:

176 2859 181 2866 ·
263 2817 326 2882 set
343 2816 450 2898 thyias
472 2813 636 2890 thalamo,
654 2829 709 2876 aut
733 2815 860 2876 Oriciae
879 2816 1022 2880 terebin-

640 2899 689 2958 thi

200 3019 210 3030 ·
304 2983 425 3048 Effulto
442 2981 547 3070 pluma
564 2981 760 3050 versicolore
776 2994 882 3069 caput.
915 2949 922 2960 ο
