2264 3726
339 297 653 394 manain.
813 305 872 389 an7

104 426 249 488 Romani
266 439 401 500 mantes,
425 438 457 484 et
468 423 627 484 montibus
638 423 869 503 additaRoma,
948 463 950 476 ·

153 513 194 570 Et
209 508 313 570 valeat
329 509 447 594 probro
464 507 561 566 Vesta
577 507 724 591 pudenda
742 531 825 572 meo.

104 593 172 652 Ille
199 613 322 676 equus,
351 591 406 652 ille
431 609 520 650 meos
545 592 577 648 in
607 606 708 652 eastra
731 608 867 678 reponet

480 693 629 746 amores,

150 757 212 818 Cui
229 759 338 817 Tatina
358 755 484 816 dextras
501 753 640 818 'collocat
656 760 725 842 ipse
740 759 841 838 jubas.

106 841 196 924 Quid
223 843 333 900 mirum
360 835 401 898 inx
418 841 540 924 patrios
566 839 702 918 Scyllam
726 843 863 904 saevisse

99 950 103 957 ·
486 920 643 1005 capillos?
740 953 743 957 ·
959 919 968 926 ”

150 1003 357 1090 Candidaque
375 1006 407 1063 in
425 1025 537 1064 saevos
550 1007 681 1132 ¹{agnina
703 1025 794 1068 versa
812 1029 862 1069 ca·

484 1107 562 1146 nes.

102 1171 236 1261 Ppodiaa
258 1169 336 1254 quid
357 1170 467 1230 mirum
487 1172 617 1230 fraterni
636 1191 752 1234 cornua
768 1193 860 1234 mon-

485 1267 560 1324 stri,

151 1334 230 1395 Ciam
247 1336 353 1419 patuit
368 1333 453 1395 lecto
470 1337 601 1396 stamine
619 1349 703 1397 torta
722 1337 800 1400 via?

103 1419 265 1502 Quantum
282 1437 344 1502 ego
363 1439 429 1476 sum
445 1416 595 1478 Ausoniis
611 1421 859 1482 crimenfactura
937 1423 948 1432 ”
1008 1447 1012 1454 ·

503 1499 613 1575 uallis,

143 1579 192 1646 Im
215 1583 292 1645 roba
311 1582 455 1666 virgineo
473 1524 555 1642 licta
571 1585 712 1645 ministra
728 1585 824 1648 foco!

100 1609 246 1728 Pell-aiios
257 1667 432 1748 enstinctos
449 1667 477 1724 si
495 1666 564 1747 quis
582 1667 744 1728 mirabitur
754 1671 856 1753 ignes,

140 1749 309 1836 Ignoscat:
331 1740 476 1829 lacrymis
493 1749 650 1831 spargitur
667 1771 717 1810 ata
734 1755 822 1813 meis.

100 1829 190 1910 Cras,
210 1847 246 1892 ut
263 1852 370 1893 rumor
388 1833 444 1904 ait,
462 1835 532 1890 tota
549 1832 739 1916 pugnabitur
756 1835 855 1897 urbes

143 1917 192 1974 Tu
209 1936 286 1976 cave
304 1915 425 2000 spinosi
441 1911 566 1984 roscida
588 1927 677 1994 terga
690 1914 768 1998 jugi.

100 1997 233 2057 Lubrica
257 2003 326 2059 tota
352 1997 405 2060 via
423 2009 492 2068 est,
519 2009 552 2056 et
570 1995 708 2079 perfida:
733 1999 850 2083 quippe

477 2092 618 2138 tacentes

141 2161 259 2222 Fallaci
276 2162 358 2224 celat
376 2161 478 2222 limite
498 2183 621 2246 semper
638 2181 744 2244 aquas.

102 2245 130 2307 0
147 2249 266 2308 utinam
287 2247 428 2333 magicae
446 2245 572 2363 naissem
590 2245 765 2307 cantamina
781 2244 859 2306 Mu·

480 2349 550 2388 eae.

142 2411 231 2471 Haec
263 2432 389 2496 quoque
420 2413 563 2472 formoso
596 2410 704 2495 lingua
731 2410 857 2472 tulisset

247 2509 255 2522 ’
453 2513 585 2578 ,opem
647 2521 656 2538 κ
944 2563 954 2580 Ι

102 2577 147 2638 Te
168 2591 245 2660 toga
269 2578 355 2662 picta
375 2577 487 2642 decet:
510 2597 575 2638 non
595 2597 688 2660 quem
704 2578 771 2638 sine
790 2597 855 2639 ma·

478 2661 535 2718 tris
549 2660 672 2722 honore

139 2742 250 2802 Nutrit
266 2745 452 2804 inhumanae
471 2741 547 2804 dura
562 2743 681 2828 papilla
695 2743 728 2802 ln
754 2763 802 2804 ae.

103 2825 153 2886 sic
171 2827 298 2910 hospes,
319 2829 479 2910 pariamne
495 2831 549 2886 tua
566 2847 599 2886 re
623 2765 750 2887 insonui
767 2826 851 2900 aulai,

141 2909 212 2970 Dos
231 2909 290 2972 tibi
307 2930 371 2973 non
389 2907 517 2972 humilis
535 2851 663 2994 progna
679 2912 781 2972 Roma
797 2930 855 2972 ve·

477 2994 536 3054 nit.
883 3001 888 3013 ‘

573 3076 668 3134 Bba
