2336 3732
159 385 320 482 ··m6
496 344 793 476 rtsuttr

258 501 1015 598 Dmnmaffiefflammffloeffls

634 619 720 671 rem,

300 681 420 742 Vivere
437 695 469 742 et
485 681 593 766 erepte
608 682 743 764 conjuge
761 682 814 763 qui
830 682 950 766 potuit.

261 761 339 824 Non
355 785 416 849 ego
432 765 536 826 firmus
551 766 583 824 in
593 763 674 841 hoca
691 785 755 826 non
765 763 845 825 haec
856 766 1018 850 patientia

634 861 745 910 nostro

300 929 456 1014 Ingeni03
478 932 595 1013 frangit
609 931 708 992 fortia
726 929 823 992 corda
838 929 943 992 dolor.

260 1010 332 1084 Nec
353 1013 434 1074 mihi
456 1035 531 1074 vera
546 1015 637 1097 loqui
650 1012 755 1100 pudor
774 1027 844 1089 est,
861 1014 1015 1098 vitaeque

636 1098 731 1157 fateri

236 1247 240 1254 .
302 1181 368 1240 Tot
385 1177 466 1244 mala
481 1199 651 1264 perpessae
666 1178 772 1241 taedia
792 1191 866 1240 nata
882 1199 984 1240 meae.

260 1263 346 1349 Ergo
374 1267 443 1326 etun
467 1277 594 1324 tenuem
613 1264 706 1324 fuero
731 1276 868 1341 mutatus
892 1263 926 1322 in
944 1285 1014 1323 um.
1043 1295 1046 1302 ι
1109 1333 1114 1338 1

308 1385 313 1398 „
635 1346 722 1408 bram
787 1386 790 1390 ›

302 1427 508 1517 Candidaque
527 1447 599 1490 ossa
623 1440 718 1515 super
731 1387 822 1514 aigae
837 1427 948 1492 favilla
962 1443 1014 1490 te·

659 1527 711 1574 et:

260 1594 344 1656 Ante
355 1616 456 1674 meum
466 1596 585 1676 veniat,
596 1535 710 1683 lofgos
720 1579 1011 1681 inconstacapillos,

302 1680 345 1738 Et
367 1678 442 1738 fleat
460 1693 532 1758 arrte
549 1701 652 1740 meum
671 1693 794 1741 moesta
811 1667 937 1740 Neaera
958 1697 1014 1740 ro-

658 1787 721 1823 um·

261 1842 326 1904 Sed
339 1846 450 1912 veniat
467 1866 556 1907 carae
571 1785 677 1906 matfis
694 1845 845 1908 comitata
860 1843 992 1921 dolore3
1057 1851 1064 1871 '

301 1929 452 1990 Moereat
460 1929 538 1992 haec
548 1950 678 2013 genero,
698 1943 839 1991 moereat
856 1927 912 1987 illa
928 1928 1013 1989 viro.

259 2010 424 2076 Praefatae
450 2013 523 2074 ante
546 2035 635 2076 meos
659 2034 787 2087 manes,
817 2014 1014 2094 animamque

634 2111 803 2182 precatae,
917 2161 923 2168 ,

299 2176 513 2263 Perfusaeque
528 2180 597 2264 pias
614 2177 686 2240 ante
705 2177 830 2264 liquore
847 2196 975 2251 manus,

261 2260 334 2323 Pars
353 2282 433 2343 quae
451 2261 519 2326 sola
528 2263 592 2322 mei
602 2262 763 2346 superabit
774 2281 813 2322 co
854 2260 1014 2334 oris,osse

304 2344 464 2404 Incinctae
480 2344 568 2427 nigra
587 2342 719 2406 candida
733 2357 823 2408 veste
853 2355 964 2426 egant3

261 2427 304 2486 Et
313 2427 447 2510 primtrm
457 2445 577 2488 annoso
588 2441 735 2512 spargant
744 2426 880 2490 collecta
889 2427 1013 2505 Lyaeo,

303 2509 389 2570 Mox
412 2511 506 2569 etiam
523 2511 620 2571 niveo
635 2509 767 2572 fundere
783 2510 865 2571 lacte
880 2523 992 2594 parent
1001 2531 1013 2587 5

261 2589 337 2654 l’ost
351 2589 429 2652 haec
446 2589 601 2654 carbaseis
615 2593 780 2657 humorem
795 2593 910 2655 tollere
920 2591 1014 2666 velis,

304 2673 410 2758 Atque
427 2675 461 2734 in
475 2680 647 2750 marmorea¹
664 2698 785 2764 ponere
804 2679 887 2736 sicca
904 2675 1016 2736 domo.

262 2755 365 2831 Illuc,
382 2779 457 2842 quas
473 2759 571 2819 mittit
586 2759 676 2822 dives
692 2759 847 2821 Panchaia
862 2778 995 2834 merces,

303 2841 430 2925 Eoique
449 2841 587 2920 Arabes,
631 2845 733 2930 inguis
753 2857 785 2904 et
802 2843 953 2922 Assyria,

264 2925 308 2986 Et
322 2926 424 2986 nostri
444 2867 768 3008 memoresffacrymae
778 2923 950 2994 fundantur
960 2921 1018 2984 ee·

439 3018 441 3022 ’
642 3011 732 3072 dem:

310 3091 363 3157 Sic
378 3114 439 3180 ego
455 3095 617 3183 componi,
633 3115 741 3160 versus
757 3095 790 3156 in
807 3112 890 3171 ossa,
905 3085 1021 3156 velim.
