2346 3732
207 383 306 462 '234
404 378 825 470 x1.²uanur11

243 509 390 593 Namque
408 508 514 569 ferunt
530 506 607 569 olim
622 507 757 592 Pagasae
768 507 932 568 navalibus
942 508 1015 570 Ar·
1099 585 1104 594 ¹

645 611 663 652 0
699 633 703 642 .

285 677 450 760 Egressum
468 672 564 756 longe
584 613 737 736 Pligasidos
753 673 817 735 isse
833 676 917 737 viam
927 699 938 754 3

243 761 285 818 Et
300 755 363 839 jam
380 759 562 842 praeteritis
580 757 739 830 labentem
756 757 1012 823 Athamantidos

622 842 714 902 undis

283 924 453 1004 Mysorum
471 923 611 1008 scopulis
630 925 669 984 ad
692 924 821 985 licuisse
838 939 949 987 ratem.

240 1007 304 1068 Hic
327 1028 435 1066 manns
462 1005 616 1082 heroum,
643 949 769 1094 placitis
795 1023 831 1069 ut
852 1011 1005 1075 constitit

493 1115 495 1120 ‘
566 1123 568 1128 ¹
623 1111 707 1165 oris,

249 1174 250 1178 ’
283 1171 402 1236 Mollia
422 1174 599 1258 compositi
614 1169 711 1234 litora
730 1174 844 1235 fronde
865 1177 959 1260 tegit.

232 1258 285 1328 „At
302 1277 408 1318 eomes
425 1257 536 1316 invicti
557 1257 681 1335 juvenis
701 1273 900 1342 processerat
919 1255 1006 1323 ultra

284 1339 398 1401 Raram
414 1341 548 1424 sepositi
565 1362 714 1424 quaerere
731 1343 831 1401 Pontis
848 1363 973 1426 aquam.

226 1475 229 1480 .
243 1427 337 1506 Hunc
354 1425 418 1484 duo
434 1423 546 1482 sectati
559 1425 685 1500 fratres,
696 1424 867 1508 Aquilonia
877 1427 1002 1510 proles,

227 1578 235 1586 ι
281 1510 375 1569 Hunc
395 1519 530 1592 superet
546 1508 678 1584 Zetbes,
697 1507 780 1568 hunc
790 1517 884 1596 super
894 1523 926 1570 et
939 1508 1002 1570 Ca·

575 1615 579 1620 ’
621 1591 681 1651 latis
879 1597 882 1611 '

188 1736 190 1742 a
230 1674 359 1735 -Oscula
369 1675 534 1758 suspensis
551 1635 710 1735 instabarit
726 1695 855 1760 carpere
869 1675 997 1764 plumisj

286 1756 401 1818 Oscula
419 1771 452 1817 et
467 1757 587 1818 alterni
603 1761 685 1819 ferre
701 1760 813 1844 supina
827 1761 915 1844 fuga.

242 1841 304 1902 Ille
324 1841 380 1901 sub
400 1846 542 1902 extremi
558 1843 698 1927 pendens
717 1841 890 1903 secluditur
906 1843 977 1919 alai,
1011 1909 1019 1926 ‚

283 1928 325 1986 Et
341 1924 488 1987 volucres
506 1945 593 1987 ramo
613 1927 781 1988 submovet
797 1925 940 1988 insidias.

240 2009 309 2074 Jani
327 2001 520 2071 Pandioniae
538 2023 640 2070 cesset
657 2031 754 2096 genus
765 2009 955 2088 Orithyiae:
1060 2041 1065 2050 ·

180 2144 181 2150 ,
283 2093 334 2154 Ab
353 2093 447 2154 dolor
464 2095 531 2153 ibat
548 2093 665 2172 Hylas„
678 2093 744 2162 ibat
757 2092 996 2173 Hamadryasin.

241 2175 304 2238 Hic
325 2191 391 2236 erat
408 2177 561 2261 Arganthi
578 2177 660 2259 Pege
676 2176 732 2236 sub
750 2178 870 2236 vertice
880 2179 996 2238 montis

281 2259 377 2321 Grata
402 2258 514 2320 domus
532 2258 700 2344 Nymphis.
710 2258 838 2320 humida
857 2260 996 2340 Thynia·

620 2363 680 2401 sm.

239 2426 344 2509 Quam
360 2445 453 2510 supra
468 2421 572 2485 nullae
589 2423 771 2510 pendebant
787 2423 893 2487 debita
904 2431 994 2488 curae

177 2525 180 2530 ·
279 2509 418 2570 Roscida
437 2508 569 2568 desertis
586 2528 682 2592 poma
697 2509 754 2568 sub
771 2505 953 2574 arboribus:

237 2593 280 2650 Et
296 2593 413 2653 circum
428 2591 548 2676 irriguo
561 2591 734 2676 *surgebant
749 2591 817 2652 lilia
834 2607 926 2678 prato
962 2593 971 2668 '-

280 2671 422 2734 Candida
441 2677 608 2758 purpureis
624 2677 724 2736 mixta
743 2678 965 2760 papaveribus.

239 2757 330 2840 Quae
356 2756 454 2818 modu
489 2757 662 2845 decerpens
686 2773 798 2819 tenero
828 2761 992 2845 pueriliter

617 2844 738 2927 ungui,

275 2924 449 3009 Proposito
468 2923 577 2986 florem
592 2927 748 3011 praetulit·
761 2927 885 2990 officio.

235 3007 279 3070 Et
294 3007 391 3070 modo
407 3009 557 3071 formosis
574 3011 755 3070 incumbens
767 3013 891 3080 nescius
902 3011 993 3085 undis,

167 3107 170 3113 ·
249 3142 253 3150 .
276 3093 424 3156 Errorem
441 3092 561 3156 blandis
579 3093 684 3158 tardat
698 3095 900 3180 imaginibus.
