2336 3732
375 409 668 495 LIBERI,
792 406 904 514 '129
983 451 989 474 κ

135 547 227 614 Hanc
248 569 309 634 ego
332 549 371 610 de
393 548 485 611 coelo
507 549 672 611 ducentem
695 551 798 612 sidera
817 553 899 616 vidi:

178 633 331 694 Fluminis
347 631 426 692 haec
442 631 546 715 rapidi
557 633 694 700 ca1mine‘
710 638 809 696 vertit
823 638 898 700 iter.

135 717 227 782 Haec
243 729 338 776 cantu
355 715 508 798 finditque
526 713 640 791 solum,
658 717 836 801 Manesque
848 739 896 780 se·

436 845 438 857 .
516 796 633 880 pulcris
755 798 763 806 '

176 881 294 954 Elicit,
313 893 345 940 et
363 878 474 965 tepido
496 877 632 940 devocat
643 891 721 942 7ossa
736 902 830 965 rogo.

134 966 205 1030 Jam
226 977 314 1025 tenet
337 965 475 1023 infernas
495 963 619 1044 magico
639 965 774 1026 stridore
792 979 895 1028 cater-
969 1025 974 1036 ,

366 1094 370 1108 ,
516 1064 571 1103 vas

177 1101 246 1194 Iani
272 1127 362 1208 jubet
393 1127 556 1268 adspersps
581 1084 665 1186 iacte
692 1131 811 1191 referre
836 1131 893 1217 ‘pes

536 1229 596 1268 em.

116 1327 119 1336 ·
137 1289 218 1354 Cum
232 1292 324 1368 libet,
342 1291 421 1352 haec
436 1291 524 1432 tristil
543 1289 680 1386 depellit
692 1293 800 1356 nubila
818 1281 893 1357 coe-⁶

527 1392 567 1434 οι

177 1457 257 1520 Cism
274 1457 366 1532 libet,
385 1455 508 1516 aestivo
528 1447 773 1523 convocatdrbe
789 1459 891 1522 niues.v

132 1539 212 1604 Sola'
229 1555 337 1602 tenere
354 1537 450 1600 malas
471 1537 611 1600 Medeae
629 1540 745 1600 dicitur
765 1542 890 1618 herbas,

175 1623 251 1684 Sola
268 1621 354 1684 feros
372 1620 513 1704 Hecatae
528 1623 746 1706 perdomuisse
764 1644 867 1686 canes.
944 1645 947 1656 ’

131 1707 223 1768 Haec
239 1703 317 1764 mihi
335 1705 517 1788 composuit
533 1717 659 1779 cantus,'
676 1707 766 1790 queis
777 1705 889 1768 fallere

536 1807 633 1847 osses.

176 1873 239 1932 Ter
259 1889 356 1943 cane,
374 1881 424 1929 ter
441 1809 535 1928 dictild
554 1868 674 1954 despue
691 1871 890 1932 carminibust

131 1953 193 2015 llle
221 1952 301 2014 nihil
327 1953 449 2037 poterit
478 1949 517 2012 de
547 1951 641 2012 nobis
671 1953 800 2013 credere
822 1955 890 2014 cui*

536 2055 607 2092 uam

175 2117 253 2180 Nou
270 2117 351 2191 sibi,
374 2117 401 2176 si
416 2117 449 2176 in
468 2055 557 2177 moili
577 2073 696 2178 viderit
714 2117 783 2201 ipse
801 2129 888 2192 toro.

136 2203 186 2260 Tu
201 2215 307 2262 tamen
323 2199 478 2260 abstineas
497 2198 585 2259 aliis:
607 2218 678 2258 nam
698 2213 804 2261 cetera
824 2221 891 2260 cer·
922 2229 925 2244 v

514 2293 570 2340 net

176 2361 308 2424 Omnia:
332 2363 371 2424 de
389 2385 439 2424 me
453 2383 518 2424 uno
538 2364 682 2426 sentiati
707 2383 741 2424 se
755 2363 847 2426 nihil.
878 2384 881 2393 ·
959 2369 966 2377 ’

135 2446 224 2531 Quid
243 2444 394 2508 credam?
408 2465 523 2532 nempe
539 2444 618 2506 haec
637 2387 747 2506 eadem
762 2468 795 2506 se
806 2439 889 2508 dixit

514 2547 637 2590 amores

175 2605 889 2694 Cautibus,autherbis‚solverspos'semeosj

131 2695 175 2756 Et
192 2715 242 2757 me
259 2693 406 2755 lustravit
423 2692 525 2752 taedis
535 2715 546 2770 3
569 2706 602 2752 et
623 2707 717 2754 nocte
736 2697 847 2754 serena
865 2733 871 2752 .

175 2775 326 2858 Conpidit
346 2765 385 2836 ad
401 2777 542 2858 magicos
559 2775 665 2836 hostia
681 2773 767 2862 pulla
784 2775 890 2837 Deosa'

131 2857 209 2922 Nou
226 2877 301 2944 eg0,
318 2871 407 2920 totus
426 2857 550 2918 abesset
568 2877 667 2933 amor,
686 2857 742 2917 sed
756 2871 887 2919 mutuus

490 2953 634 3014 esset„

173 3021 309 3088 Orabam
318 3044 330 3104 3
352 3043 410 3087 nec
428 3035 461 3086 te
476 3041 574 3107 posse
591 3041 698 3083 catere
717 3019 824 3085 velim.

430 3152 607 3189 ih&

682 3184 702 3254 Ι
