2224 3724
331 395 671 546 ΙΑΙΒΙΞΒΓῙᾺῚῙ.Ι
797 451 861 527 403

77 574 153 668 ,His
171 593 232 658 ego
251 570 411 634 constitui
431 584 557 632 noctem
579 569 679 630 lenire
697 573 843 647 vocatis,
862 609 870 628 0

135 657 177 717 Et
198 657 320 719 Venere
343 656 458 740 ignoti
476 656 562 714 furta
581 674 701 716 novare
717 675 798 716 mea.

93 741 183 802 Unus
202 753 269 801 erat
285 735 387 800 tribus
407 740 441 799 in
459 738 581 798 secreti
598 735 733 798 lectulus
751 738 860 814 herbis
948 761 954 784 ¹

93 833 96 840 '
136 823 272 908 Quaeris
291 819 507 884 concubitus?
521 823 606 880 inter
622 830 788 906 utramque
798 824 858 882 fui.

94 905 275 992 Lygdamus
293 905 333 966 ad
349 903 495 985 cyathos,
511 905 653 990 viti-ique
669 907 790 967 aestiva
806 927 858 966 su·

475 986 607 1074 pellex,

135 1073 179 1134 Et
197 1069 422 1150 Methymnaei
439 1069 532 1148 Graja
552 1071 655 1132 salira
670 1071 762 1132 meri.

93 1154 225 1217 Nilotes
241 1155 363 1215 tibicen
381 1165 469 1228 erat,
486 1153 677 1216 crotalistria
695 1153 834 1234 Phyllis,

135 1239 178 1298 Et
195 1236 299 1296 facilis
316 1237 424 1322 spargi
440 1235 554 1297 munda
572 1237 640 1296 sine
659 1247 726 1297 ‘arte
744 1258 827 1300 rosa.

93 1320 204 1406 Nanus
228 1335 260 1380 et
284 1321 354 1405 ipse
379 1338 453 1381 suos
471 1319 614 1380 brevitet
631 1327 797 1382 condietus
822 1323 856 1383 iu
893 1351 898 1360 1

476 1416 560 1462 artus

133 1484 280 1550 Jactabat
296 1498 421 1545 truncas
439 1483 478 1545 ad
496 1492 572 1545 cava
590 1484 675 1548 buxa
692 1506 811 1548 manus.

93 1569 158 1632 Sed
173 1589 277 1654 usque
302 1567 458 1655 suppletis
474 1567 639 1664 constabat
661 1567 784 1630 flamma
805 1569 853 1632 lu·
889 1639 901 1648 ..

437 1667 441 1674 ·
475 1671 599 1726 cernas,

85 1743 89 1752 '
132 1735 263 1798 Recidit
281 1737 378 1821 inque
396 1753 471 1796 suos
487 1755 594 1793 mensa
611 1737 721 1819 supina
739 1729 850 1823 pedet.

91 1822 152 1883 Me
171 1841 300 1910 quoque
317 1841 376 1906 per
393 1817 476 1880 talos
495 1817 659 1896 ¹Venerem
679 1835 851 1902 quaerente

473 1901 648 1975 secundos,

134 1987 267 2072 Semper
285 1985 429 2046 damnosi
448 1981 625 2045 subsiluere
642 2003 746 2046 canes.

91 2067 270 2132 Cantabant
286 2069 395 2143 surdo,
415 2066 575 2132 nudabant
590 2081 724 2152 pectora
741 2084 850 2130 caeco.

134 2139 274 2243 Lanuvii
302 2149 342 2213 ad
365 2166 474 2238 portas
502 2150 590 2225 (heu
612 2148 733 2226 mihil)
764 2149 851 2214 solus
956 2156 958 2162 ’

472 2255 578 2295 eram:
631 2285 640 2298 .

91 2317 172 2382 Cbm
188 2316 294 2380 subito
306 2297 393 2378 rauci
403 2332 578 2391 sonuerunt
589 2315 716 2378 cardine
725 2331 850 2402 postes,

133 2405 175 2464 Et
192 2403 276 2464 levia
293 2401 332 2464 ad
347 2403 466 2488 primos
481 2421 638 2462 murmura
653 2403 737 2462 facta
751 2399 848 2462 lares.

90 2485 163 2551 Nec
188 2505 300 2561 mora,
329 2491 398 2548 cum
423 2497 507 2547 totas
529 2487 692 2570 resupinat
711 2482 850 2565 Cynthia
908 2507 910 2514 ⁸

470 2567 598 2641 valvas,
847 2598 853 2632 t

130 2651 209 2716 Non
225 2672 362 2739 operosa
381 2671 508 2726 comas,
529 2652 586 2712 sed
604 2649 774 2712 furibunda
793 2650 849 2712 de-

469 2757 555 2796 cens·

89 2805 207 2883 Potitia
228 2819 271 2881 mi
289 2819 408 2906 digitos
424 2821 507 2880 inter
524 2817 668 2878 cecidere
685 2819 847 2894 remissos,

130 2903 311 2972 Paliuerunt
328 2907 398 2989 ipso
415 2903 501 2964 labra
518 2901 624 2964 soluta
639 2921 737 2964 mero.

87 2987 246 3050 Fulminat
262 2983 317 3050 illa
335 2985 456 3062 oculis,
477 3002 528 3055 et,
548 2999 698 3084 fluentum
715 2985 847 3060 femina,

471 3085 591 3130 saevit:

128 3152 330 3242 spectaclum
353 3156 445 3244 capti
471 3173 530 3218 nec
551 3154 654 3298 ugnus
680 3151 757 3216 urbe
773 3150 848 3213 fuit.

76 3257 84 3268 '
139 3267 142 3274 ·
604 3245 662 3298 c2
