2288 3722
245 387 313 468 x40
376 307 379 324 ⁵
491 366 801 456 nasutas

613 532 734 594 w.·

315 604 330 736 J
419 607 892 755 su‹mmsmums

277 789 448 899 Oramus,
469 824 497 882 si
514 821 600 894 forte
615 841 680 882 non
695 818 864 902 molestum
879 833 948 894 est,

229 892 235 916 l
274 911 502 980 Demonstres‚
521 905 575 966 ubi
591 906 653 964 sint
667 918 740 964 tuae
757 903 920 963 tenebrae.

275 993 323 1049 Te
341 989 550 1072 quaesivimus
568 988 600 1048 in
619 988 739 1048 minore
756 1004 889 1070 camp0‚

275 1075 324 1132 Te
339 1074 371 1132 in
389 1071 494 1142 circo,
514 1085 546 1130 te
562 1071 595 1138 in
612 1069 755 1129 omuibus
771 1066 909 1142 libellis,
1002 1110 1007 1126 ,
1039 1071 1044 1083 ’

275 1157 322 1215 Te
340 1156 373 1214 in
391 1151 512 1238 templo
532 1153 638 1237 superi
654 1153 745 1214 lovis
765 1163 909 1226 sacrato,

178 1238 184 1275 ¹
243 1281 248 1290 .
274 1237 314 1296 ln
330 1237 443 1320 Magni
460 1235 551 1295 simul
570 1233 799 1295 ambulationes

272 1317 426 1378 Femellas
445 1337 565 1390 omnes,
589 1319 708 1390 amice,
728 1315 862 1400 prendi,
927 1327 929 1334 '

274 1402 363 1484 Quas
377 1399 471 1462 voltu
486 1399 554 1460 vidi
571 1414 675 1460 tamen
693 1419 826 1475 seren03
911 1409 913 1412 '
997 1466 1002 1478 1

272 1485 359 1557 Has,
379 1481 431 1544 vel
450 1496 483 1542 te
501 1485 545 1541 sic
562 1484 631 1568 ipse
649 1481 847 1566 flagitabam,
938 1525 942 1544 .

274 1565 452 1627 Camurium
469 1564 565 1637 mlhi‚'
581 1565 735 1648 pessimae
750 1563 890 1647 puellae.

272 1648 435 1730 Quaedam
452 1647 575 1730 inquit,
598 1645 714 1706 nudum
735 1649 835 1726 sinum
852 1643 1033 1708 reducem?
1139 1637 1140 1684 l

270 1732 321 1790 En
337 1728 389 1789 hic
407 1730 440 1788 in
457 1731 558 1790 roseis
575 1729 653 1788 latet
666 1729 805 1814 papillis.
879 1747 882 1756 ·
945 1734 985 1768 ·’
1139 1729 1140 1742 ’

249 1875 255 1892 ‚
272 1811 336 1872 sed
353 1825 385 1872 te
401 1813 464 1890 jam
481 1813 564 1870 ferre
581 1809 731 1873 Herculei
747 1811 837 1874 labos
853 1825 912 1874 est.

218 1965 220 1968 v
272 1897 376 1956 Tanto
395 1908 428 1956 te
445 1895 479 1954 in
495 1895 580 1954 fastu
596 1915 713 1978 negas,
735 1897 860 1975 amice„
905 1941 907 1946 .

238 2055 240 2060 ι
269 1981 336 2038 Dic
352 1978 465 2053 nobis,
485 1977 539 2037 ubi
559 1977 601 2036 sis
619 1979 761 2039 futurus:
785 1978 866 2052 ede,

269 2061 430 2132 Audacter
448 2061 630 2133 committe,
650 2059 743 2121 crede
759 2059 833 2120 luci.

268 2144 355 2204 Num
372 2159 404 2203 te
422 2143 577 2205 lacteolae
596 2155 705 2202 tenent
721 2140 871 2225 puellae?
900 2175 905 2190 s
957 2137 961 2146 ¹

268 2225 303 2284 si
320 2225 458 2307 linguam
476 2224 584 2286 clauso
602 2237 691 2286 tenes
707 2226 740 2284 in
758 2244 832 2298 ore,

267 2309 399 2368 Fructus
415 2307 567 2390 projicies
585 2303 700 2367 amoris
718 2327 845 2368 omnest

267 2387 416 2450 Verbosa'
429 2388 545 2472 gaudet
562 2388 669 2448 Venus
684 2389 824 2473 loquell.

267 2471 350 2544 Vel,
373 2472 400 2531 si
419 2471 488 2544 vis,
511 2469 588 2530 licet
607 2471 734 2534 obseres
752 2471 911 2556 palatum,

265 2551 358 2614 Dum
371 2553 474 2615 vostri
490 2552 547 2612 sim
564 2555 876 2641 particeps-amoris:

216 2636 220 2643 ·
401 2636 419 2672 s
553 2637 571 2671 s
664 2639 682 2672 s

265 2716 343 2784 Non
361 2731 467 2779 custos
485 2718 511 2778 si
528 2717 626 2800 fingar
642 2718 698 2780 ille
715 2719 864 2794 Cretum,
919 2719 922 2732 ’

201 2815 205 2826 ’
269 2800 347 2862 Non
365 2802 391 2859 si
408 2799 549 2882 Pegaseo
567 2803 651 2864 ferar
669 2802 799 2877 volatu,

264 2883 344 2944 Nou
359 2882 459 2942 Ladas
476 2883 503 2940 st
521 2903 581 2967 ego
593 2901 607 2958 ‚¹
624 2887 822 2982 pennipesve
837 2883 988 2964 Perseus,

265 2966 343 3028 Non
360 2964 460 3026 Rhesi
478 2967 594 3026 niveae
610 2979 754 3052 ustaeque
771 2969 882 3052 bigae:

266 3047 358 3112 Adde
376 3045 439 3109 huc
455 3045 653 3134 plumipedes
671 3049 903 3136 volatilesque,
