2264 3726
345 457 556 518 LIBE=R
596 454 643 515 Π.
809 455 889 514 301„

115 587 165 646 Tu
174 603 313 668 quoque,
324 584 378 665 qui
387 580 482 666 pleno
491 581 591 647 fastus
602 577 736 639 adsumis
748 596 868 652 amore,

159 666 307 741 credule,
323 663 409 725 nulla
426 663 480 724 diu
495 663 612 738 femipa
628 660 752 746 pondus
761 659 871 722 habet.

113 751 164 811 An
183 752 346 836 quisquam
362 749 395 822 in
411 747 525 808 mediis
567 743 700 822 ersolvit
710 757 786 806 vota
795 763 871 829 pro·

98 827 102 834 ⁴
493 771 603 902 celiis,

157 916 236 978 Ciim
254 935 348 1000 saepe
364 915 397 973 in
415 927 513 1000 portu
526 913 634 972 fracta.
644 907 871 984 earinanatet‘i

113 999 180 1062 Aut
197 1001 285 1085 pride
303 999 425 1058 infecto
445 996 592 1079 deposcit
608 994 748 1078 praemia
765 1013 870 1067 cursu,

85 1125 91 1130 -
156 1084 197 1143 Se
222 1083 298 1145 tima
315 1081 408 1164 quiam
426 1094 541 1140 metam
557 1077 682 1137 triverit
693 1075 764 1138 antd
776 1073 872 1137 rota?

112 1107 291 1228 mendaces
310 1161 424 1223 ludunt
442 1161 533 1222 flatus
549 1162 582 1220 in
602 1179 707 1221 amore
718 1158 871 1222 seeundo.

158 1249 192 1307 Si
209 1266 269 1330 qua
285 1247 375 1306 venit
393 1245 486 1318 seris,
505 1262 617 1327 magna
634 1243 725 1302 ruina
742 1243 844 1303 venit.

116 1333 167 1391 Tu
187 1344 290 1390 tamen
311 1329 444 1401 interea,
463 1326 605 1411 quamvis
623 1339 656 1386 te
676 1325 789 1408 diligas
804 1324 871 1400 illa,

63 1461 83 1476 .,
158 1413 197 1472 In
213 1415 311 1472 tacito
335 1411 449 1471 cohibe
469 1407 583 1495 gaudia
600 1406 704 1469 clausa
721 1411 802 1468 sinu.

117 1495 265 1578 Namque
282 1495 315 1553 in
331 1513 437 1557 amore
453 1513 511 1555 suo
529 1512 653 1578 semper
667 1511 723 1552 sua
737 1491 874 1559 maxima

497 1577 611 1660 cuique
923 1653 929 1658 -

148 1656 281 1724 'Nescio
307 1680 370 1746 quo
396 1673 494 1745 pacto
511 1659 607 1721 verba
624 1678 740 1722 nocere
758 1657 874 1720 solent.

79 1765 84 1774 '
122 1747 275 1830 Quamvis
292 1758 325 1804 te
339 1764 495 1830 persaepe
515 1757 621 1814 vocet,
640 1741 737 1802 semel
752 1742 875 1804 ireme·
911 1747 918 1755 ‘

498 1837 618 1885 mento.

161 1911 318 1974 Invidiam
332 1908 419 1994 quod
430 1907 539 1981 habet,
556 1928 621 1968 non
637 1906 720 1968 solet
731 1927 800 1968 esse
810 1909 875 1970 diu.
967 1917 974 1940 ⁸

120 1993 165 2056 At
178 2015 250 2069 vos,
263 1995 316 2080 qui
329 1992 438 2054 officia
448 1992 481 2052 in
490 1989 607 2051 multos
618 1993 777 2051 revocatis
791 2011 890 2064 amo..¹

499 2095 549 2134 res
663 2089 665 2096 ’

164 2162 324 2246 Quantum
344 2157 389 2220 sic
414 2115 677 2299 crucilasiumina
696 2169 801 2218 vestta
818 2155 877 2218 do·

515 2261 572 2302 or:

122 2325 257 2390 Vidistis
273 2326 370 2424 pleno
388 2321 528 2386 tener'ain
547 2322 682 2384 candore
698 2321 859 2407 puellam
946 2369 953 2382 ,

165 2409 299 2470 Vidistis
318 2411 429 2470 fusco:
454 2405 542 2468 ducit
558 2420 692 2488 uterque
709 2404 809 2467 color.

125 2492 261 2555 Vidistis
275 2493 436 2575 quandam
455 2491 577 2574 Argivi
594 2490 725 2574 prodire
741 2487 859 2574 figuris

166 2575 300 2636 Vidistis
320 2589 463 2634 nostras:
487 2588 620 2658 utraque
636 2575 738 2634 forma
754 2573 850 2658 rapit.
903 2569 908 2579 ’

123 2655 247 2800 misine
259 2657 416 2743 plebejo,
439 2655 490 2718 vel
511 2657 551 2716 sit
569 2655 704 2716 sandicis
723 2657 860 2717 amictus

200 2761 254 2800 aec
281 2753 375 2843 at'que
400 2737 456 2799 illa
480 2738 556 2800 mali
585 2739 722 2801 vulneris
744 2760 804 2802 una
828 2739 882 2804 via

505 2836 564 2882 est·

127 2905 207 2968 Cism
224 2907 299 2966 satis
315 2924 377 2964 una
392 2905 455 2964 tuis
470 2906 627 2967 insomnia
640 2919 749 2990 portet
758 2903 880 2980 ocellis,

168 2989 238 3050 Una
257 2989 297 3072 sit
318 3002 351 3048 et
370 2989 471 3072 cuivis
487 2991 605 3051 femina
623 2989 721 3054 multa
736 2983 827 3052 mai.
881 3065 884 3074 .
