2288 3722
398 425 620 493 LIBER.

315 647 323 668 ,
465 596 565 656 xcv.

236 703 299 783 u'n
329 713 456 780 Acme
486 721 543 779 Er
571 671 793 784 saranum.

50 943 59 953 ,
88 919 94 928 ·
130 849 272 945 Acmen
290 883 483 970 Septimius,
505 906 579 947 suos
598 906 739 964 amores,

130 971 260 1029 Tenens
278 969 311 1027 in
330 969 470 1050 gremio,
489 971 586 1043 Mea,
604 971 727 1053 inquit,
747 970 867 1054 Acme,

131 1052 183 1113 Ni
200 1049 375 1136 teperditd
394 1063 485 1123 amo,
505 1065 600 1136 atque
617 1073 720 1123 amare
736 1071 833 1140 porro

134 1134 256 1194 Omnes
272 1153 340 1194 sum
358 1131 487 1196 adsidud
530 1148 632 1208 aratus
649 1155 767 1212 annos,

132 1217 295 1300 Quantum
313 1217 366 1298 qui
382 1210 460 1302 pote
499 1160 644 1277 liirimum
661 1221 785 1304 perire:

130 1298 228 1360 Solus
246 1295 417 1375 in'Libyt,
434 1239 566 1376 Indiiue
583 1303 668 1368 tosti
678 1341 689 1376 ,

134 1379 253 1442 Caesio
272 1381 396 1441 veniam
414 1381 526 1442 obvius
546 1383 645 1443 leoni.

132 1465 210 1524 Hoc
228 1477 263 1548 ut
280 1457 384 1537 dixit,
403 1462 521 1538 Amor,
540 1467 695 1526 sinistram
713 1473 750 1527 ut
765 1467 858 1544 ante,
877 1527 880 1534 .

136 1549 297 1608 Dextram
316 1547 448 1607 sternuit
467 1547 742 1634 adprobationem.

134 1625 182 1689 At
202 1627 300 1689 Acme
321 1628 437 1690 leviter
459 1644 553 1727 caput
574 1629 759 1706 reflectens,
802 1685 808 1698 ,

133 1714 180 1772 Et
201 1711 301 1772 dulcis
322 1713 414 1796 pueri
436 1712 542 1773 ebrios
565 1713 686 1774 ocellos
747 1779 754 1795 ⁸

131 1793 196 1860 Illo
217 1813 457 1880 purpureoore
479 1797 640 1870 suaviam,

133 1877 206 1952 Sic,
227 1877 350 1958 inquit,
366 1897 436 1938 mea
453 1878 523 1942 vica
537 1877 735 1964 Septimille,
807 1878 812 1888 “

132 1960 219 2038 Huic
236 1978 301 2020 uno
323 1959 452 2020 domino
468 1981 566 2043 usque
583 1963 781 2036 serviamus„
839 1967 843 1978 ⁴

134 2043 180 2102 Ut
197 2039 298 2103 multo
318 2041 394 2100 mihi
411 2045 510 2122 major
528 2046 694 2126 acriorque

131 2124 150 2184 I
194 2127 220 2184 is
236 2123 385 2186 mollibus
403 2126 492 2185 ardet
508 2127 541 2186 in
560 2124 716 2185 medullis.
769 2153 773 2158 ·
913 2199 917 2204 Ι

131 2147 206 2268 lide
223 2220 259 2278 ut
278 2205 380 2282 dixit,
401 2205 519 2280 Amor,
540 2211 696 2269 sinistram
715 2222 749 2268 ut
767 2207 839 2272 antd
850 2249 860 2286 ‚

132 2291 292 2354 Dextram
308 2289 441 2350 sternuit
460 2290 734 2375 adprobationem.

132 2371 228 2434 Nunc
248 2371 286 2432 ab
309 2373 451 2470 auspicio
468 2373 554 2435 bono
572 2376 732 2457 profecti,
830 2443 842 2464 .

131 2457 262 2516 Mutuis
280 2457 389 2516 animis
407 2469 528 2529 amant,
548 2471 700 2518 amantur.

136 2538 237 2600 Unam
258 2537 429 2624 Septimius
446 2538 585 2598 misellus
602 2539 721 2600 Acmen
771 2579 774 2589 ι

132 2620 285 2695 Mavolt,
303 2621 393 2704 quim
415 2621 520 2699 Syrias
537 2623 795 2706 Britanniasquet

86 2767 92 2776 ,
131 2703 205 2765 Uno
215 2708 258 2778 in
274 2704 428 2801 Septimio
446 2705 548 2764 fidelis
564 2704 664 2766 Acme

128 2787 221 2846 Facit
239 2785 369 2846 delicras
387 2785 609 2870 libidinesque.

132 2869 214 3012 guis
233 2867 316 2930 ullos
333 2867 477 2930 homines
493 2869 652 2931 beatiores

130 2989 137 2998 ·
165 2949 254 3014 idit?
276 2951 346 3038 quis
365 2951 521 3016 Venerem
539 2949 809 3042 suspicationem?
838 2993 846 3006 ·
877 2998 881 3004 -

640 3167 716 3260 Οῑ
