2264 3726
283 261 343 322 aa
466 231 865 316 orornnrrr

282 387 388 470 Atque
403 379 466 454 ¹ubi
490 401 571 445 nunc
597 381 687 440 terris
713 380 862 442 dicuntur
878 385 964 462 jura
985 386 1061 446 sub·

659 465 755 538 actis,

327 553 457 614 Stabant
475 551 619 610 Romano
636 545 700 632 pila
718 547 835 625 Sabina
851 549 981 612 Foro?

286 641 400 700 Murus
428 647 518 693 crant
536 645 679 692 montes:
702 629 757 689 ubi
774 651 858 691 nnnc
879 647 934 702 eat
958 633 1060 696 Curia

661 727 770 799 septa,

277 833 280 838 ·
326 800 465 860 Bellicus
483 819 523 858 ex
542 797 598 859 illo
615 800 705 860 fonte
722 795 850 856 bibebat
869 819 993 882 equus.

287 885 370 948 Hinc
386 884 524 967 ¹Tarpeja
543 885 634 942 Deae
651 881 772 940 fontem
788 880 928 943 libavitr
957 898 992 944 at
1009 885 1058 945 illi

330 965 469 1049 Urgebat
485 964 622 1024 medium
637 961 742 1023 fictilis
757 983 834 1023 urna
850 981 971 1050 caputq

154 1065 157 1074 ’
263 1089 266 1094 ,
287 1053 328 1111 Et
345 1051 419 1110 satia
441 1068 502 1109 una
523 1047 623 1108 malae
639 1047 747 1189 plotuit
762 1066 846 1107 mors
864 1069 940 1108 esse
959 1051 1053 1136 puel.

675 1149 732 1203 ae,

330 1219 420 1300 Quae
448 1213 554 1277 voluit
578 1213 714 1274 flammas
745 1209 889 1288 fallere,
925 1215 1051 1290 Vesta,

662 1293 755 1356 tuas?

289 1385 381 1446 Vidit
399 1382 538 1444 arenosis
556 1382 682 1442 Tatium
700 1377 872 1464 proludere
894 1383 1035 1468 campis,

330 1471 479 1550 Pictaque
495 1486 553 1550 per
569 1463 665 1524 flavas
683 1481 767 1522 arina
782 1460 892 1522 levare
909 1465 1018 1542 jubas.

290 1551 464 1634 Obstupuit
482 1568 515 1607 re
539 1549 564 1608 is
584 1549 687 1620 facie,
707 1558 740 1604 et
760 1543 924 1627 regalibus
946 1551 1052 1622 armis,

331 1638 482 1716 Interque
503 1570 619 1698 oblitas
640 1627 759 1688 excidit
781 1647 858 1688 urna
875 1650 1006 1692 manus.

277 1731 279 1741 '
290 1719 393 1804 Saepe
410 1717 464 1778 illa
480 1707 662 1774 immeritae
672 1723 797 1772 causata
808 1723 856 1770 ert
867 1713 982 1774 omina
992 1715 1052 1774 Ln-

228 1796 239 1816 '
667 1815 745 1870 nae,
1036 1840 1038 1846 .

332 1887 375 1944 Et
392 1883 452 1944 sibi
469 1879 633 1964 tingendas
651 1879 734 1940 dixit
749 1879 782 1938 in
799 1898 890 1938 amne
909 1883 1044 1941 comas(
1108 1887 1109 1922 ³

195 2007 200 2014 ·
292 1969 396 2051 Saepe
412 1967 487 2026 tulit
504 1963 626 2024 blandis
638 1975 786 2104 arqentea
799 1960 869 2022 lilia
878 1961 1051 2048 Nymphis,

332 2050 469 2112 Romula
487 2069 525 2108 ne
544 2048 657 2108 faciem
689 2045 817 2104 aederet
835 2043 929 2104 hasta
945 2047 1031 2106 Tati.

291 2137 443 2219 Dumque
462 2132 545 2192 subit
563 2132 665 2214 primo
691 2126 852 2212 Capitolia
871 2128 986 2190 nubila
1002 2131 1049 2190 fu·

668 2233 741 2288 m0,
843 2237 850 2242 ·
935 2219 939 2234 ¹

333 2300 458 2361 Retulit
477 2299 606 2358 hirsutis
623 2296 751 2358 brachia
768 2309 853 2355 secta
870 2295 981 2375 rubis;

215 2439 219 2452 ,
292 2387 335 2444 Et
351 2405 406 2457 sua
423 2385 557 2466 Tarpeji
572 2381 712 2441 residens
728 2379 774 2438 ita
790 2377 879 2438 flevit
901 2379 940 2440 ab
961 2391 1050 2462 arce]
1107 2373 1108 2384 ¹

333 2465 491 2537 Vulnera,
511 2466 619 2526 vicino
636 2484 699 2524 non
716 2461 869 2546 patienda
885 2462 904 2525 J
907 2465 983 2525 ovi:

292 2549 388 2634 Ignes
408 2549 601 2622 castrorum,
626 2562 658 2608 et
676 2547 787 2606 Tatiae
803 2544 967 2630 praetoria
987 2563 1048 2610 tur-

669 2651 758 2706 mae,

227 2735 228 2740 ¹
269 2723 280 2794 p
334 2714 377 2770 Et
395 2713 536 2773 formosa
548 2712 654 2774 'oculis
676 2732 760 2773 arma
778 2711 893 2774 Sabina
909 2715 1010 2790 meis,

268 2795 271 2812 ⁴
295 2792 324 2852 O
342 2795 462 2854 utinam
488 2794 526 2854 ad
551 2811 677 2858 vestros
704 2795 828 2857 redeam
848 2799 978 2882 captiva
996 2819 1048 2884 pe·

671 2893 782 2954 nates,

228 3025 232 3032 ,
336 2959 422 3020 Dum
441 2963 568 3046 captiva
586 2963 648 3040 inei
668 2965 833 3048 conspicer
850 2983 906 3024 ora
924 2963 1009 3026 Tati.
