2264 3726
268 369 329 428 ooo
450 359 845 424 P-ROPERTII

269 493 545 578 Opportuna·mea
569 504 616 566 est
633 489 752 550 cunctis
767 501 878 550 natura
895 490 1034 574 figuris:

308 576 346 634 ln
370 595 585 657 quamcunque
609 573 723 648 voles,
751 588 863 650 verte;
887 574 1033 638 decorus
1104 652 1108 661 Ι

643 677 709 717 ero.

267 739 367 802 Indue
386 761 434 800 me
452 739 548 817 Cois3
561 735 641 799 'fiam
659 759 725 799 non
739 739 815 799 dura
830 740 961 824 puella:

306 825 431 908 Meque
448 825 550 886 virum
567 825 667 882 sumta
684 824 754 950 (zuis
770 837 867 908 neget
881 842 957 887 esse
976 839 1032 888 to.

664 925 702 966 a.

267 993 320 1052 Da
337 990 462 1065 falcem,
484 1001 516 1050 et
531 1003 621 1050 torto
639 928 777 1050 flantem
793 989 1026 1077 mihicompri.

263 1145 265 1151 Α
640 1073 827 1134 me-foeno:
944 1071 948 1082 “

304 1157 429 1220 Jurabis
446 1157 553 1223 nostrai
573 1158 711 1239 gramina
728 1169 814 1216 serta
831 1177 940 1217 manu.

265 1242 359 1302 Arma
376 1240 436 1300 tuli
453 1239 622 1324 quondam,
640 1251 686 1310 et,
704 1240 850 1313 memini,
871 1239 1026 1302 laudabar

642 1323 674 1381 in
692 1319 773 1383 illis:

307 1405 420 1466 Corbis
433 1407 464 1464 in
475 1406 627 1490 imposito
637 1403 779 1489 pondere
789 1425 909 1466 messor
921 1427 1022 1468 eram.

265 1489 396 1550 Sobrius
419 1488 458 1548 ad
481 1487 575 1550 lites:
600 1501 631 1548 at
647 1492 725 1550 cum*
740 1503 788 1548 est
804 1492 946 1574 imposta
965 1511 1024 1552 co·

361 1589 364 1606 ¹
640 1591 736 1644 fona,

307 1652 464 1724 Clamabis
483 1655 580 1754 capiti
598 1655 672 1715 vina
692 1653 811 1714 subisse
830 1675 915 1716 meo.

205 1747 207 1751 ’
265 1737 369 1822 Cinge
385 1751 479 1823 caput
488 1736 592 1810 mitra,
604 1739 741 1828 speeiem
753 1738 882 1799 furabor
893 1739 1000 1800 lare-hi
1012 1763 1020 1801 ι

274 1846 277 1852 ·
307 1821 445 1882 Furabor
458 1820 599 1894 Phoebi,
615 1821 648 1880 'si
665 1819 761 1881 modo
779 1821 900 1905 plectra
917 1823 1020 1884 dabis.

267 1901 414 1965 Cassibus
439 1905 598 1990 impositis
628 1925 752 1965 venor:
785 1903 841 1964 sed
865 1906 1021 1967 arundine

641 1988 742 2048 sumta

304 2073 429 2132 Faunus
445 2072 592 2157 plumoso
613 2093 679 2130 sum
698 2072 787 2130 Deua
807 2072 957 2157 aucupio.

264 2156 322 2214 Est
342 2158 436 2218 etiam
460 2157 586 2239 aurigae
609 2155 731 2238 species
750 2153 962 2232 Vertumnus,
986 2171 1020 2216 et

642 2239 733 2316 ejus,

306 2322 437 2400 Trajicit
455 2320 576 2382 alterno
598 2323 650 2403 qui
669 2321 740 2380 leve
757 2320 883 2404 pondus
900 2342 998 2405 equo.

206 2481 209 2485 Ι
264 2403 421 2491 Suppetat
445 2404 533 2479 hoc,
559 2405 663 2490 pisces
682 2402 801 2464 calamo
821 2404 1017 2490 praedabor3

272 2555 275 2566 ‚
641 2487 746 2548 eribo

304 2571 446 2631 Mundus
465 2570 610 2630 demissis
624 2571 752 2630 institor
769 2571 801 2631 in
817 2572 945 2633 tunicis.

262 2654 425 2714 Pastorem
439 2655 478 2714 ad
494 2654 639 2714 baculum
654 2656 784 2796 'gossem
802 2675 944 2730 curvare,
962 2657 1015 2719 vel

641 2759 651 2796 r
676 2757 726 2798 em

305 2819 469 2904 sirpiculis
491 2819 598 2880 medio
614 2811 747 2917 pulvere
762 2823 844 2882 ferre
860 2841 975 2884 rosam.

263 2903 345 2964 Nam
362 2903 439 2987 quid
454 2923 515 2988 ego
535 2902 699 2983 adfictam,
719 2904 758 2965 de
776 2925 838 2988 quo
857 2905 933 2964 mihi
949 2925 1015 2966 ma-

639 2989 725 3049 xima
743 3009 814 3050 cura
833 3003 900 3063 est,

244 3116 248 3124 ,
303 3070 1016 3158 Hortoruminmanibusdonaprobatameis?
