2224 3724
281 249 375 367 ³98⁵
461 238 861 362 inorrnrtr

267 425 358 488 ‘Nec'
374 425 495 512 crepuit
513 425 605 498 fissi,
631 446 680 486 me
703 437 860 510 propter,
890 431 1057 493 arundine

658 523 783 581 custos:
1010 567 1014 572 .

221 649 223 660 .
321 594 427 653 Laesit
447 606 478 652 et
497 591 655 671 objectum
672 591 779 676 tegula
798 607 893 655 curta
916 613 1037 684 caput.

279 680 304 736 F
306 676 430 738 oederis
446 675 509 736 heu
528 672 635 736 taciti!
659 677 746 753 cujus
765 675 893 738 fallacia
915 683 1028 742 verba

319 759 394 819 Non
414 757 551 818 audituri
571 757 729 842 diripuere
748 757 841 818 Noti.

280 843 322 902 At
345 841 422 900 mihi
449 862 513 902 non
544 840 655 902 oculos
681 842 845 924 quisquam
872 843 1055 910 inclinavit

654 923 788 986 hiantes:

322 1008 425 1069 Unum
443 1008 670 1090 impetrassem,
690 1021 722 1068 te
739 1023 936 1085 revocante,
947 1011 1050 1074 diem.

279 1094 428 1176 Denique
443 1091 512 1176 quis
532 1104 641 1156 nostro
661 1091 785 1218 furgum
803 1105 837 1152 te
855 1094 982 1156 funere
1003 1099 1052 1156 vi.

656 1174 721 1234 dit.

320 1261 428 1318 Atrum
443 1247 516 1342 'quis
535 1255 678 1334 lacrymis
695 1255 865 1318 incaluisse
882 1261 1030 1344 togam?

279 1343 313 1402 Si
334 1343 438 1426 piguit
458 1353 569 1426 portas
587 1339 668 1398 ultra
686 1339 880 1422 procedere:
910 1357 945 1402 at
965 1343 1045 1404 illud

319 1426 489 1498 Jussisses‚
508 1422 624 1484 lectum
641 1421 756 1482 lentius
771 1424 817 1482 ire
834 1445 960 1486 meum.

280 1507 344 1570 Cur
363 1521 476 1569 ventos
494 1526 557 1567 non
576 1507 644 1592 ipse
661 1507 768 1634 rogoin,
787 1507 938 1598 ingrate,
957 1510 1044 1594 peti·

654 1588 718 1650 sti.
1097 1637 1098 1652 t

321 1672 384 1734 Cur
403 1673 500 1733 nardo
520 1671 660 1732 flammae
678 1693 741 1734 non
760 1665 872 1732 eluere
888 1675 1014 1734 meae?
1097 1679 1098 1710 ἒ

276 1757 351 1818 Hoc
370 1758 465 1816 etiam
484 1777 578 1840 grave
596 1769 682 1828 erat,
703 1754 786 1814 nulla
802 1757 954 1817 mercede
973 1758 1039 1818 hia·

288 1829 292 1848 ’
652 1838 786 1916 cyrrihos

319 1921 472 2004 Injicere‚
493 1935 525 1982 et
543 1923 645 1983 fracto
663 1923 754 1982 busta
772 1921 861 2005 piare
882 1922 979 1984 cado.

278 2006 480 2090 Quaemodb
497 2004 650 2090 perviles
670 2007 815 2092 inspecta
834 2005 1032 2092 erepublica
1096 2003 1097 2032 ἒ

602 2133 608 2160 χ
653 2102 781 2161 noctes,

318 2173 406 2233 Haec
423 2194 503 2234 nunc
520 2173 626 2232 aurati
637 2170 765 2251 cyclade
775 2171 878 2255 signat
890 2171 1033 2238 humum.

277 2259 319 2318 Et
338 2259 483 2342 graviora
501 2255 785 2397 rependitliniquis
806 2273 903 2339 pensa
916 2257 1034 2339 quasil-

664 2359 709 2411 ts,

317 2420 447 2484 Garrula
465 2423 503 2483 de
518 2422 600 2482 facie
617 2423 643 2482 si
661 2442 720 2504 qua
737 2419 845 2480 locuta
861 2422 931 2480 mea
949 2428 1031 2480 ests*

274 2505 456 2590 Nostraque
475 2505 561 2590 quud
578 2503 767 2566 Petaletulit
777 2502 816 2562 acl
826 2521 1031 2564 monumenta
1094 2575 1095 2580 η

650 2606 801 2660 coronas,

318 2669 446 2732 Codicis
465 2673 615 2734 immundi
632 2669 758 2734 vincula
775 2669 870 2730 sentit
889 2689 977 2730 anus.

276 2750 427 2814 Caeditur
446 2769 477 2815 et
497 2756 611 2840 Lalage
626 2755 729 2815 tortia
755 2772 905 2838 suspensa
928 2753 1027 2838 capil-

647 2837 706 2911 lis,

313 2917 372 2979 Per
400 2939 514 2982 nomen
549 2923 695 3006 quoniam
727 2934 774 2979 est
810 2939 884 2980 ausa
909 2937 1023 3004 rogare

649 3025 761 3066 meum.
