2336 3732
458 248 468 290 l

254 382 299 449 m
471 363 782 426 cerussa

254 489 332 551 Cum
356 502 481 550 tautum·
495 488 655 560 arderem,
676 501 825 572 quantum
844 490 1006 554 Trinacria

630 592 667 628 ru
692 591 724 630 85

296 654 501 740 Lymphaque
522 653 555 711 in
579 593 710 792 Oetaeliis
732 610 833 712 llllalia
853 635 1006 718 Thermo·

627 793 628 796 ,
687 756 732 793 ls·

252 821 385 880 Moesta
413 837 517 902 neque
543 756 675 956 adsidgrl
703 779 866 878 tlbescere
889 819 1007 882 lumina

653 912 708 960 etu

296 981 490 1058 cessarent,
516 982 665 1065 tristique
689 981 789 1042 imbre
807 983 933 1044 madere
951 1006 1007 1074 ge.

631 1083 709 1125 nae:

253 1149 365 1234 Qualis
383 1150 417 1208 in
437 1149 515 1208 aie'rii
531 1146 694 1232 pellueens
711 1148 833 1208 vertice
849 1151 966 1210 montis
1058 1137 1065 1150 ’

291 1234 412 1304 Risus,
429 1247 576 1290 muscoso
593 1229 721 1314 prosilit
739 1251 757 1290 e
772 1230 898 1315 lapide:

254 1315 319 1398 Qui
341 1319 411 1375 cum
435 1313 592 1398 depromi
610 1332 762 1398 praeceps
781 1328 831 1374 est
844 1313 928 1375 valle
947 1335 1007 1376 vo·

332 1401 337 1420 “
631 1394 736 1470 lutus,

291 1480 350 1540 Per
367 1477 505 1540 medium
522 1475 611 1538 densi
628 1479 740 1538 transit
755 1479 817 1539 iter
832 1478 966 1564 populi,

185 1582 188 1588 ·
251 1562 357 1623 Dulce
372 1563 491 1623 viatori
506 1561 591 1620 lasso
609 1561 643 1619 in
660 1560 775 1621 sudore
791 1561 956 1637 levamen,

187 1645 190 1662 '
298 1645 376 1706 Ciam
391 1645 496 1728 gravis
508 1655 640 1704 exustor
652 1657 756 1704 aestus
767 1644 887 1704 hiulcat
903 1665 1006 1730 agros.

236 1728 298 1789 ·Ac
313 1727 416 1792 veluti
435 1728 527 1809 nigro
543 1727 669 1803 jactatis
685 1725 810 1787 turbine
827 1729 931 1787 nautis

292 1811 408 1872 Leniirs
428 1809 481 1872 ads
507 1809 597 1868 irans.
612 1827 686 1867 aura
703 1808 839 1870 secunda
854 1811 965 1885 venit,

250 1895 424 1978 lamprece
435 1831 656 1970 Pollucis‚jam
667 1889 808 1952 Castoris
819 1889 1006 1977 implorati:

246 1999 248 2006 ’
293 1977 372 2038 Tale
391 1977 455 2036 fuit
471 1973 564 2035 nobis
582 1973 724 2033 Manlius
740 1975 905 2035 auxilium.

252 2059 285 2120 Is
304 2059 441 2122 clausum
460 2051 526 2118 lato
547 2057 704 2142 pateiecit
725 2053 829 2118 limite
850 2078 917 2118 cam
942 2081 1008 2131 um,

292 2143 388 2226 Isque
409 2143 537 2203 domum
553 2139 668 2213 nobis,
689 2139 787 2221 isque'
797 2139 888 2202 dedit
929 2143 1007 2201 omi·

632 2240 723 2282 nam:

147 2335 151 2342 ·
251 2304 302 2366 Ad
323 2325 414 2388 quam
437 2323 618 2366 communes
638 2323 857 2364 exerceremus
873 2325 1009 2380 amores,

281 2389 368 2468 ‘Quo
384 2408 453 2446 mea
470 2408 503 2446 se
521 2385 611 2451 molli
628 2385 760 2446 candida
778 2388 865 2448 Diva
908 2389 968 2448 ede

203 2469 207 2476 '
254 2470 379 2542 Intuh't,
398 2483 430 2529 et
440 2470 517 2529 trito
529 2467 703 2555 fulgentem
713 2411 1011 2556 inlimineplantam

217 2561 222 2572 '
294 2553 427 2624 Innixa,
448 2554 557 2635 arguta
574 2553 742 2612 constituit
758 2551 863 2615 solet:

254 2634 408 2718 Conjugis
422 2647 458 2693 ut
472 2634 630 2716 quondam
639 2634 771 2718 flagrans
782 2633 912 2697 advenit
924 2655 1011 2698 amo·

293 2799 521 2874 Protesilaeam
541 2737 714 2860 Laudallu’ia
732 2799 861 2863 domurn

194 2894 199 2903 “
254 2885 418 2969 inceptam
442 2885 579 2956 frustra,
603 2881 742 2944 nundum
766 2890 836 2946 curn
861 2885 1012 2971 sanguine

296 3049 414 3115 Hostia
434 3047 592 3110 coelestes
609 2984 806 3152 pillllgisset
822 3050 931 3124 heres.

464 3251 473 3277 N
