2300 3726
259 414 319 473 atla
443 403 837 470 PROPERTII

259 538 318 596 llla
335 555 423 596 meos
442 555 553 596 somno
571 535 677 617 lapsos
693 535 849 616 patefecit
866 535 1001 597 ocellos

303 623 366 678 Ore
387 641 463 690 suo,
485 633 515 676 et
537 619 638 690 dixit,
662 617 784 674 Siccine
802 617 888 676 lente
904 619 1034 696 jaces?

262 705 364 786 Quina
390 704 479 762 vario
510 702 656 784 amplexu
687 713 840 758 mutamus
870 699 1031 764 brachia!

638 796 787 862 quantum

302 867 418 926 Oscula
439 881 510 925 sunt
527 867 621 924 labris
640 881 747 926 nostra
763 881 886 925 morata
904 867 994 928 tuis!

260 952 362 1034 Quam
390 951 485 1010 multa
511 951 655 1033 adposita
678 971 835 1008 nau'amus
851 951 952 1025 verba
969 951 1027 1013 lu·
1078 1026 1082 1035 1

634 1029 744 1092 cernaii

302 1115 491 1198 Quantaque
507 1115 630 1175 sublato
648 1115 765 1174 lumine
780 1117 849 1175 rix'a
864 1116 945 1177 fnit!

255 1199 333 1260 Non
348 1203 439 1280 juvat
466 1201 498 1257 in
520 1219 616 1259 caeco
636 1199 790 1258 Venerem
809 1220 1019 1285 corrumpere

633 1297 734 1342 motu.

299 1366 332 1424 Si
351 1367 471 1439 nescis,
493 1365 578 1426 oculi
601 1367 720 1424 suntin
739 1387 844 1426 amore
862 1369 971 1427 duces.

255 1451 330 1534 lpse
346 1451 430 1508 Paris
449 1449 529 1507 nuda
548 1452 649 1507 fertur
664 1451 798 1532 periisse
818 1453 962 1512 Lacaena
972 1493 982 1526 ‚

299 1532 375 1592 Ciam
396 1531 567 1591 Menelaeo
587 1547 729 1606 surgeret
745 1555 762 1591 e
778 1533 932 1594 thalamo.

253 1616 365 1676 Nudus
387 1629 418 1674 et
436 1615 614 1694 Endymion
637 1615 758 1674 Phoebi
774 1618 897 1700 cepisse
917 1638 1012 1678 soro-

569 1722 572 1730 ’
629 1719 695 1757 rem

296 1782 445 1858 Dicitur,
470 1796 502 1841 et
519 1783 622 1842 nudae
641 1782 847 1842 concubuisse
864 1783 969 1844 Deae.

253 1865 350 1948 Quod
368 1867 394 1924 si
410 1866 600 1950 pertendens
616 1866 720 1925 animo
737 1868 853 1924 vestita
870 1867 1013 1941 cubicis,

294 1950 395 2009 Scissis
414 1964 504 2010 veste
522 1969 606 2008 meas
625 1949 791 2032 experiere
808 1969 926 2008 nianus.

252 2033 339 2114 Quin
356 2035 463 2106 etiam,
485 2035 511 2092 si
527 2053 577 2091 me
597 2031 729 2090 ulterius
745 2035 934 2114 provexerit
950 2036 1010 2108 ira,

287 2117 452 2176 Ostendes
469 2117 562 2174 matri
580 2112 705 2172 brachia
724 2113 808 2178 laesa
828 2129 912 2174 tuae.
953 2126 957 2145 ⁴

250 2197 397 2260 Necdum
432 2199 600 2257 inclinatae
629 2197 800 2278 prohibent
831 2211 864 2256 te
898 2197 1010 2260 ludere

630 2299 792 2340 mammae.

290 2367 418 2425 Viderit
427 2365 501 2433 hoc,
513 2363 538 2419 si
548 2381 638 2443 quarn
648 2363 710 2440 jam
721 2364 884 2445 peperisse
894 2364 1009 2448 pudet.

249 2451 336 2506 Dum
364 2467 423 2507 nos
456 2449 522 2503 fata
552 2445 685 2516 sinunt,
720 2446 830 2506 oculos
857 2449 1010 2507 satiemus

627 2547 747 2588 amore.

209 2635 212 2644 ’
288 2611 367 2670 Nox
386 2611 445 2668 tibi
461 2610 555 2691 longa
573 2611 674 2684 venit,
692 2633 750 2671 nec
767 2613 907 2690 reditura
925 2611 1005 2682 dies,

251 2695 357 2775 Atque
372 2694 491 2752 utinam
510 2693 676 2752 haerentes
695 2695 740 2753 sic
757 2716 816 2755 nos
825 2697 945 2755 vincire
955 2717 1007 2755 ca-

628 2779 701 2836 tenti

290 2857 418 2928 velles,
437 2873 472 2916 ut
489 2881 646 2940 nunquam
665 2859 805 2920 solveret
822 2859 886 2920 ulla
904 2860 983 2921 dies.

162 2990 183 3028 ,Ι
254 2941 412 3028 Exemplo
429 2943 556 3020 junctae
575 2943 633 3001 tihi
648 2945 711 3002 sint
726 2944 758 3001 in
770 2963 874 3004 amore
885 2944 1007 3004 colum-

623 3027 682 3085 bae
695 3067 704 3100 ,

291 3108 456 3172 Masculus
476 3124 508 3172 et
525 3123 629 3172 totum
645 3110 762 3170 femina
780 3111 973 3193 conjugium.
