2336 3732
183 229 192 288 γ’
250 229 313 356 140¹
411 273 776 338 =TIBULLI

249 399 395 484 Namque
413 417 501 483 agor,
517 411 554 462 ut
569 419 628 486 per
644 397 738 483 plana
753 397 834 460 titus
850 397 919 458 sola
929 363 1008 464 vei.

619 481 695 542 bere
716 481 832 556 turbo,
888 491 890 505 '
936 519 940 532 .

286 565 389 647 Quem
407 562 637 625 celenadsuets
654 578 759 626 versat
775 565 812 624 ab
831 577 1022 648 artepuer.‘
1042 563 1050 572 '
1091 605 1095 614 .
1155 603 1156 618 s

246 647 312 726 Ure
339 649 441 708 ferum
466 661 499 708 et
525 661 640 732 torque
660 655 673 708 ε’
699 645 798 708 libeat
827 653 873 706 ire
893 647 1003 710 dicere

242 729 245 734 ’
298 771 302 779 ,
621 727 829 814 quidquam.
892 759 894 762 ·
994 807 997 811 ι

250 808 254 828 “
286 811 493 897 Magnificum
509 812 665 898 posthac:
684 811 813 874 horrida
829 812 926 876 verba
941 811 1004 896 do

497 955 499 959 ,
620 917 711 958 ma..
888 943 890 950 s

166 983 169 991 ’
244 978 339 1040 Parce
358 991 484 1052 tamen,
507 999 564 1062 per
583 992 616 1038 te
634 961 747 1040 furtivi
764 978 896 1048 foedera
911 977 1004 1052 lecti,

249 1113 252 1124 .
282 1060 340 1122 Per
364 1061 523 1128 Venerem
550 1081 693 1145 quaeso,
726 1062 1005 1146 compositumque

624 1165 659 1206 ca
686 1157 730 1206 ul·
1155 1197 1156 1220 q

243 1225 304 1287 Ille
321 1247 394 1310 ego,
412 1231 481 1287 cbm
499 1227 583 1288 tristi
599 1168 711 1288 morin
728 1225 853 1289 defessa
865 1227 1000 1307 jaceres,
1078 1221 1082 1226 “
1155 1229 1156 1236 ’

240 1316 242 1329 “
285 1311 332 1370 Te
349 1309 437 1372 dicor
455 1310 541 1371 votis
561 1311 717 1394 eripuisse
736 1310 828 1371 meis.

241 1391 380 1478 Ipseque
397 1407 446 1452 ter
462 1393 578 1452 circum
595 1391 731 1452 lustravi
748 1391 868 1450 sulfure
886 1412 982 1474 pur0,

285 1473 430 1536 Carmine
447 1479 517 1536 ciam
533 1476 658 1559 magico
673 1476 902 1560 praecinuisset
913 1495 1003 1536 anus.

76 1565 79 1572 ’
173 1599 174 1602 ¹
243 1557 318 1644 Ipse
336 1559 527 1655 procuravi,
551 1579 590 1618 ne
607 1571 740 1642 possent
759 1577 854 1618 saeva
871 1575 1002 1632 nocere,

286 1639 437 1716 Somnia,
456 1656 505 1702 ter
524 1644 632 1702 sancti
647 1639 869 1704 deveneranda
885 1639 982 1701 molti.

240 1721 315 1808 Ipse
333 1743 407 1806 ego,
425 1723 548 1786 velatus
564 1725 631 1798 filo,
650 1725 829 1806 tunicisque
850 1721 978 1794 solutis,
1059 1747 1061 1755 ’

158 1835 162 1846 ·
250 1859 254 1880 ,
291 1805 377 1867 Vota
396 1826 512 1868 novem
529 1808 658 1869 Triviae
673 1820 768 1868 nocte
785 1805 899 1869 silente
918 1803 1005 1874 dedi.

246 1887 361 1950 Omnia
376 1889 534 1975 persolvit
556 1892 672 1960 fruitur
687 1911 770 1962 nunc!
786 1888 1002 1963 alteramore,

195 1979 202 2018 ·“
284 1973 326 2034 Et
365 1973 489 2036 recibus
509 1973 590 2036 felix
610 1975 711 2036 utitur
730 1968 786 2035 ille
810 1973 901 2032 meis.

303 1997 381 2116 mibi
399 2055 526 2120 felicem
543 2059 663 2130 vitam,
687 2055 714 2112 si
731 2042 819 2124 salva
835 2055 972 2125 fuisses,
1042 2081 1045 2086 ·
1075 2055 1079 2060 ’

238 2149 240 2166 '
281 2139 452 2221 Fingebam
471 2139 617 2210 demens,
642 2137 699 2202 sed
714 2152 867 2212 renuente
885 2139 973 2198 Dee.

246 2220 333 2282 Rura
354 2219 477 2295 colam,
493 2211 681 2304 frbgumque
703 2219 806 2292 aderit
820 2240 892 2280 mea
908 2217 1007 2284 Delia
1036 2251 1041 2258 ·

250 2357 257 2374 ,
473 2356 476 2364 ,
630 2315 768 2376 ωεῑοε,χ
901 2379 904 2385 ¹

190 2399 192 2412 ¹
283 2382 366 2444 Area
381 2383 454 2444 dum
471 2405 588 2446 messes
612 2384 681 2446 sole
703 2385 826 2446 calente
847 2399 943 2446 teret.

239 2464 305 2526 Aut
321 2465 399 2525 mibi
415 2469 554 2528 servabit
577 2467 681 2552 plenis
701 2469 735 2528 in
752 2468 899 2528 lintribus
916 2488 1006 2546 uvas,

281 2548 450 2633 Pressaque
470 2549 577 2612 veloci
602 2550 737 2612 candida
755 2565 858 2612 musta
874 2550 969 2634 pede.

244 2627 440 2694 Consuescet
467 2653 632 2709 numerare
664 2649 791 2720 pectus
821 2647 1008 2694 consuescet
1054 2693 1058 2702 ,

286 2747 289 2764 ·
629 2733 761 2778 amantis

284 2795 434 2862 Garrulus
450 2797 484 2859 in
506 2797 655 2862 dominas
679 2799 790 2864 ludere
812 2817 909 2868 verns
926 2798 1008 2863 sinn.

240 2879 385 2942 IllaDeo
407 2881 487 2942 sciet
507 2881 670 2964 agricolae
688 2903 749 2968 pro
767 2883 884 2943 vitibus
900 2903 1007 2956 uvam,
1072 2929 1076 2938 .

284 2961 344 3029 Pro
357 2977 468 3048 segete
480 2965 596 3052 spicas,
607 2986 667 3052 pro
684 2985 781 3049 grege
789 2967 873 3026 ferte
883 2963 1009 3052 dapem.
1078 3015 1081 3020 .
1155 3033 1156 3070 ἶ
