2236 3724
270 490 330 566 am
451 481 844 543 rnoennrrr

267 611 358 670 Actia
377 607 501 668 Iulaeae
517 607 646 692 pelagus
662 621 865 668 monumenta
883 610 1031 684 carinae,

309 691 482 753 Nautarurn
501 683 586 751 votis
604 709 667 751 non
687 710 823 774 operosa
842 691 910 751 via.

268 777 339 835 Huc
362 773 468 832 mundi
486 775 591 834 coiere
614 793 739 833 manus:
763 774 852 833 stetit
878 795 1031 860 aequore
1100 771 1101 774 ¹

412 927 417 938 ⁵
640 855 740 917 moles

308 940 422 1012 Pinea,
442 959 500 998 nec
515 941 608 998 remit
627 959 726 1022 aequa
743 939 872 998 favebat
889 942 975 1001 avis.

183 1073 187 1078 ,
268 1021 377 1083 Altera
393 1021 498 1081 classis
515 1035 581 1080 erat
591 1033 701 1084 tenero
713 1022 855 1082 damnata
867 1023 1026 1105 Quirino,

311 1104 437 1188 Pilaque
453 1105 587 1164 feminea
609 1107 744 1188 turpiter
762 1119 834 1188 apta
851 1101 961 1167 manu.

268 1188 351 1247 Hinc
368 1189 509 1271 Augusta
527 1189 603 1247 ratis
620 1188 821 1273 plenialovi's
840 1192 951 1251 omine
968 1213 1026 1252 ve·

438 1326 442 1334 ,
640 1270 700 1344 lia,

309 1353 341 1413 Si
365 1373 464 1436 naque
481 1355 542 1431 jam
558 1355 678 1437 patriae
689 1355 814 1414 vincere
825 1354 920 1415 docta
930 1377 1023 1416 suae.

270 1378 407 1498 Tanrlem
436 1437 517 1496 acies
540 1438 681 1522 geminos
699 1437 822 1496 Nereus
841 1437 967 1499 lunairat
991 1442 1024 1499 in

641 1540 748 1579 arcus:

308 1602 474 1662 Armorum
494 1602 588 1662 radiis
607 1603 693 1688 pieta
712 1603 865 1663 tremebat
884 1624 981 1688 aqua.

159 1749 160 1758 ἵ
232 1683 348 1746 =Cirm
364 1685 507 1747 Phoebus
529 1685 671 1769 linquent
690 1699 822 1745 stantem
840 1707 873 1746 ae
891 1687 1024 1750 vindice
1104 1681 1105 1694 ¹

641 1768 767 1842 Delon,

311 1851 405 1925 (Nam
425 1851 497 1912 tulit
513 1853 610 1912 iratos
628 1851 754 1912 mobilia
774 1852 845 1912 ante
864 1851 992 1921 Notos)

176 1928 184 1936 ⁶
269 1934 403 1996 Adstitit
421 1935 556 2019 Augusti
580 1956 718 2076 pupffem
746 1957 859 2021 super,
883 1951 916 1996 et
934 1957 1024 1998 nova
1105 1927 1106 1946 ¹

325 2053 327 2057 -
664 2038 761 2077 amma

309 2103 407 2162 Luxit
424 2102 456 2162 in
475 2101 633 2184 obliquam
655 2115 704 2161 ter
721 2102 842 2161 sinuata
856 2104 971 2164 farem.

267 2185 343 2247 Non
360 2185 414 2245 ille
432 2184 578 2244 attulerat
595 2185 693 2244 crines
709 2186 741 2243 in
758 2183 839 2244 colla
858 2185 999 2262 solutos,

306 2271 371 2328 Aut
386 2267 582 2328 testudineae
599 2287 721 2327 carmen
738 2268 854 2327 inerme
872 2268 981 2345 lyrae:

267 2349 771 2436 Sedqualiadspexitl'elopejum
782 2353 1020 2433 Agamemnona

642 2433 753 2508 vultu,
844 2487 846 2490 .

308 2519 495 2604 Egessitque
518 2515 617 2576 avidis
638 2513 759 2576 Dorica
784 2530 883 2576 castra
909 2519 1021 2600 rogia:

268 2601 333 2661 Aut
353 2601 452 2684 qualis
470 2599 571 2660 flexos
587 2599 684 2660 solvit
695 2599 836 2679 Pythona
851 2619 908 2683 per
921 2601 1029 2678 'orben

308 2685 512 2770 Serpentem,
536 2681 678 2742 imbelles
701 2705 791 2766 quem
814 2684 949 2743 timuere
970 2685 1024 2766 ly.

641 2786 706 2825 rae.

267 2852 353 2911 Mox
371 2851 427 2923 ait,
447 2847 579 2931 Olongia
595 2848 701 2908 mundi
719 2863 861 2919 serrator
876 2848 1022 2925 abAlbai,

308 2933 469 3018 Auguste,
485 2932 653 2993 Hectoreis
674 2933 800 3014 cognite
817 2933 917 3010 major
935 2935 1022 3008 avis,

186 3051 191 3056 ·
233 3019 235 3032 '
268 3017 369 3077 Vince
385 3017 482 3076 mari:
502 3018 564 3097 jam
582 3029 664 3074 terea
681 3029 815 3077 tuaest:
833 3015 893 3074 tibi
902 3014 1024 3078 militat

643 3119 730 3158 arcus
742 3139 759 3180 ,ι

310 3184 353 3244 Et
362 3185 450 3246 lavet
460 3204 500 3244 ex
509 3182 645 3242 humeris
656 3181 808 3244 hoconus
825 3181 1024 3244 omnemeis.
