2264 3726
308 278 523 339 urrann
564 275 628 337 111.
724 348 731 354 ‚
782 280 842 340 555

83 403 246 466 Subtrahit
263 400 342 462 haec
360 403 478 461 fantem
502 401 587 462 torti
606 400 767 482 vertigine
785 399 843 459 flu.

465 497 555 550 ctus:
707 491 712 498 '

126 569 246 630 Ultima
265 587 344 665 quae
360 566 465 626 Paeto
481 585 612 649 voxque
630 565 761 648 diesque
772 567 846 626 fuit.

86 655 201 729 Paete,
223 649 300 736 quid
324 664 461 712 aetatem
486 648 660 710 numeras?
681 647 761 732 quid
776 669 847 710 cara

357 781 360 798 ,
453 733 617 814 Ιῐιὶιῑειιιῐί“
715 775 743 798 ,μ

117 821 236 890 ,Μᾰιετ
250 819 288 878 'in
306 838 361 879 ore
379 817 440 877 tibi
459 814 535 875 est?
555 835 621 878 non
644 813 739 876 habet
765 818 848 884 unda

467 900 571 959 Deos.

89 986 172 1050 Nam
188 986 249 1046 tibi
265 984 431 1046 nocturnis
450 981 490 1042 ad
506 991 582 1042 saxa
592 981 689 1065 ligata
698 982 850 1068 procellis

130 1070 247 1130 Omnia
265 1067 383 1127 detrito
402 1064 530 1127 vincula
547 1066 622 1125 fune
641 1065 766 1128 cadunt.

90 1155 131 1214 Et
154 1162 255 1212 mater
282 1169 346 1210 non
367 1151 451 1229 justa
474 1148 548 1231 piae
569 1149 768 1213 dare·debit·a
786 1159 849 1212 ter-

472 1252 546 1307 Tae,

132 1315 204 1378 Nec
220 1329 299 1402 pote
318 1325 471 1400 cognatos
491 1316 574 1376 inter
595 1316 724 1378 humare
742 1338 851 1404 rogos.

65 1459 70 1472 ,
94 1401 157 1462 Sed
174 1414 227 1460 tua
247 1418 329 1461 nunc
348 1397 495 1460 volucres
517 1398 641 1460 adstant
665 1423 759 1487 super
781 1422 853 1476 orsa

381 1521 385 1540 .
473 1503 634 1558 marinae,

134 1567 231 1630 Nunc
250 1566 309 1626 tihi
326 1586 386 1652 pro
404 1565 526 1626 tumulo
540 1565 745 1652 Carpathium
762 1587 856 1630 omne

476 1670 573 1713 mare.

96 1733 218 1796 Infelix
233 1731 375 1817 Aquilo,
394 1747 505 1816 raptae
520 1734 620 1796 'timor
637 1733 826 1814 Orithyiae,

139 1817 231 1901 Quae
249 1816 354 1901 spolia
373 1837 414 1874 ex
433 1815 491 1876 illo
510 1828 596 1875 tanta
612 1819 704 1878 fuere
722 1818 808 1879 tibi?

96 1900 161 1962 Aut
178 1899 326 1985 quidnam
341 1900 442 1958 fracti
458 1898 594 2028 gaudeg,
616 1899 790 1985 Neptune,
808 1921 858 1962 ca·
894 1895 899 1908 ’

476 1983 569 2044 riui.
876 1997 877 2005 ’

142 2065 434 2143 Portabataanctos
457 2063 566 2126 alveus
586 2066 648 2126 iste
665 2067 763 2128 viros.

102 2149 130 2210 0
151 2161 276 2209 centum
295 2148 600 2292 aequoreaelNereo
613 2151 759 2234 genitore
770 2150 860 2236 puel·
934 2183 937 2188 ,

493 2251 551 2307 ae,

143 2317 186 2374 Et
203 2329 240 2374 tu
255 2327 398 2376 materno
416 2329 501 2376 tacta
520 2314 633 2378 dolore
651 2317 784 2393 Thetis,

103 2397 170 2462 Vos
189 2395 295 2458 decuit
308 2396 392 2460 lasso
410 2404 591 2484 suppo‘nere
602 2399 732 2460 brachia
741 2415 861 2466 mento.

144 2481 220 2540 Non
239 2493 367 2564 poterat
384 2496 505 2542 vestras
522 2481 578 2543 isse
595 2503 725 2568 gravare
741 2505 862 2547 manus.

102 2563 242 2624 Reddite
261 2583 376 2648 corpus
393 2564 503 2641 humo,
513 2567 683 2650 positique
694 2568 727 2626 in
737 2571 862 2654 gurgite
890 2641 892 2647 Ι

484 2651 552 2712 vita

146 2730 275 2792 Paetum
296 2744 410 2816 sponte
427 2733 484 2792 sud
500 2732 575 2794 vilia
594 2753 688 2794 arena
705 2747 814 2819 tegat;
893 2739 895 2744 '

106 2813 172 2889 Ut,
194 2815 322 2898 quoties
350 2814 439 2884 Paeti
464 2815 610 2876 transibit
637 2832 732 2878 nauta
759 2817 866 2904 aepul-

409 2925 437 2954 ·.
485 2919 592 2973 crum,

146 2980 266 3045 Dicata
289 2981 331 3044 Et
347 2980 458 3045 audaci
476 2995 511 3046 tu
529 2984 625 3046 timor
643 3005 712 3047 etse
727 2997 832 3070 potes.
910 3025 918 3044 t
