2346 3732
266 352 328 420 cm
429 291 849 418 ³?ROPERr11

225 463 228 478 '
266 465 327 526 Ille
346 465 443 525 eriam
459 459 576 544 Hylcei
594 483 761 548 percussus
777 462 908 526 vulnere
924 467 1005 527 rami

256 609 258 616 ,
307 549 437 610 Saucius
455 547 599 608 Arcadiis
614 547 744 634 rupibus
761 548 928 632 ingemuit.

269 635 355 716 Ergo
373 625 519 692 velocem
536 631 645 717 potuit
662 629 823 706 domuisse
841 631 1000 718 puellam
1041 641 1045 648 '

308 719 444 777 Tantum
458 719 491 774 in
506 735 612 776 amore
627 735 738 800 preces
750 729 782 776 et
791 713 958 778 benefecta
969 739 1028 779 va·

467 849 469 857 ,
645 796 723 859 lenti

265 883 304 944 In
323 901 373 946 me
389 879 496 948 tardus
510 879 609 968 Amor
619 901 684 942 non
693 879 773 944 ullas
786 883 908 966 cogitat
921 897 1026 962 artem

307 965 377 1026 Nec
393 965 535 1026 meminit
553 977 663 1040 notas,
680 974 717 1025 tit
733 965 841 1048 prior,
857 967 905 1026 ire
923 969 1002 1048 rias.

265 1049 309 1110 At
325 1070 398 1124 vos,
418 1049 573 1110 deductae
585 1049 697 1132 quibus
709 1062 756 1110 eet
766 1047 892 1112 fallacia
904 1051 1025 1127 Lunae,

219 1145 224 1150 ’
307 1135 348 1194 Et
365 1133 455 1194 iabor
472 1135 505 1192 in
521 1134 651 1217 magicis
669 1152 754 1192 sacra
771 1132 860 1216 piare
875 1135 960 1204 ‚focis
972 1141 994 1196 τ’

264 1221 314 1278 En
332 1215 485 1302 agedum,
512 1214 660 1278 dominae
679 1229 817 1276 mentem
843 1219 1025 1279 convertite

484 1355 485 1364 ,
642 1313 791 1374 nostrae,

304 1385 347 1444 Et
363 1383 459 1444 facite
475 1379 528 1442 illa
550 1403 622 1443 meo
639 1381 758 1468 palleat
781 1401 837 1443 ore
855 1384 968 1468 magis.

266 1469 355 1530 Tunc
377 1486 439 1551 ego
461 1465 650 1544 crediderim
667 1466 780 1552 vobis,
799 1481 832 1528 et
848 1467 971 1543 sidera,
992 1481 1026 1528 et

642 1569 748 1610 amnes

304 1631 591 1712 Posse-Cytaeaeis
609 1631 724 1700 ducere
741 1633 940 1698 carminibus.

262 1719 306 1778 Et
320 1738 401 1793 vos,
420 1717 474 1800 qui
492 1715 564 1777 sero
580 1716 703 1800 lapsum
718 1718 898 1790 revocatis,
916 1717 1023 1794 amici,

292 1801 459 1886 ,Quaerite
477 1818 542 1861 non
560 1803 627 1860 sani
645 1801 785 1886 pectoris
805 1799 936 1866 auxilia.
1013 1869 1016 1876 .

260 1885 404 1947 Fortiter
429 1897 462 1945 et
486 1885 632 1960 ferrum,
660 1901 774 1957 saevos
803 1884 962 1969 patiemur
990 1899 1024 1946 et

514 2024 517 2044 ‚
642 1967 751 2052 ignes:

304 2053 353 2113 Sit
370 2051 466 2116 modo
482 2052 624 2124 libertae,
642 2055 723 2134 qu'ae
737 2049 827 2112 volet
842 2051 900 2125 ira,
917 2049 1022 2136 loqui.

261 2141 355 2199 Ferte
378 2159 436 2222 per
460 2151 617 2203 extremas
643 2147 772 2216 genter,
800 2149 833 2196 et
858 2136 942 2195 ferte
963 2155 1024 2222 per

395 2225 397 2232 '
640 2215 760 2293 undas,

304 2303 377 2387 Qriit
394 2323 457 2364 non
474 2301 538 2362 ulla
556 2321 658 2364 meum
678 2301 795 2363 femina
814 2301 899 2362 norit
919 2301 994 2362 iter.

261 2387 329 2468 Vos
346 2399 526 2484 remanete,
554 2383 666 2474 quibus
692 2383 780 2445 facili
799 2386 890 2444 Deus
909 2385 1022 2446 adnuit

640 2489 716 2544 ore,

243 2595 245 2601 ι
270 2555 273 2570 “
303 2553 380 2624 Sitis
399 2568 431 2614 et
447 2553 480 2614 in
496 2566 567 2614 tuto
584 2565 708 2640 'semper
724 2573 831 2614 amore
852 2573 957 2638 pares.
990 2581 993 2586 ·

231 2691 238 2702 ,
261 2637 299 2696 In
316 2659 371 2698 me
389 2651 498 2698 nostra
516 2637 625 2698 Venus
644 2650 755 2697 noctes
779 2650 909 2716 enercet
935 2657 1022 2696 ama·

346 2795 350 2805 Ι
638 2743 708 2795 ras,

301 2805 343 2864 Et
359 2801 447 2864 nullo
466 2825 583 2864 vacuus
604 2817 754 2890 tempore*
767 2803 842 2864 defit
860 2824 959 2865 amor.

260 2887 346 2964 Hoc,
364 2909 494 2965 mcccc,
512 2891 613 2951 vitate
629 2887 755 2949 maium.
778 2889 840 2948 Sua
860 2893 1020 2972 quemque

639 2987 779 3034 moretur
938 2973 944 2996 '

303 3054 397 3136 Cura,
410 3054 1018 3150 nequeadsuetomutetamorelocum.
1092 3109 1097 3114 .
