2336 3732
477 65 505 130 Il

469 213 492 284 ⁸.

268 373 374 506 ½*'
478 413 837 478 ouuonn1m

264 548 367 629 Quem
382 561 462 603 nunc
479 555 543 602 tum
561 539 657 624 longe
675 561 739 601 non
761 542 843 600 inter
866 555 943 624 nota¹
963 545 1013 604 s'e·

636 623 765 707 pulcra,

302 708 372 770 Nec
388 726 490 793 prope
514 721 667 791 cognatos
693 707 910 790 compositum·
927 708 1013 766 ciue-

636 809 708 861 res,

261 874 324 936 Sed
341 874 436 954 Trojai
453 872 621 944 obscoeni,
647 872 742 950 Trois
760 870 888 932 infelice
904 871 1010 956 sepul-

459 982 463 988 ·
634 967 700 1012 turn

264 1096 278 1108 ,,
299 1040 434 1100 Detinet
453 1050 597 1098 extremo
616 1050 699 1096 terra
718 1028 819 1096 'aliena
837 1035 920 1097 solo.
983 1079 987 1090 2

258 1122 309 1184 Ad
326 1143 416 1206 quarn
432 1135 498 1180 turn
515 1141 687 1204 properans
706 1120 806 1198 fertur
824 1120 906 1180 unde
917 1119 1009 1180 undi-

574 1244 576 1252 ν
633 1223 694 1284 que
711 1203 811 1286 pubes

298 1288 416 1347 Graeca
432 1282 608 1369 penetrales
625 1284 799 1344 deseruisse
818 1285 928 1346 focos:

175 1412 196 1448 .·
255 1371 306 1430 Ne
325 1370 409 1429 Paris
430 1366 562 1427 abddcta
580 1369 721 1450 gravisus
740 1365 839 1427 libera
855 1367 987 1430 moechi

298 1455 373 1512 Otia
388 1465 502 1534 pacato
520 1450 654 1536 degeret.
665 1451 697 1510 in
715 1449 863 1511 thalamo.
994 1505 997 1512 .

256 1536 331 1618 Quo
356 1535 414 1593 tibi
439 1548 503 1592 tum
527 1554 620 1606 casu,
650 1531 858 1616 pulcherrirna
883 1532 1006 1596 Laoda-

580 1633 592 1645 ‘
630 1637 712 1688 rurs,

292 1701 445 1784 Ereptum
466 1711 514 1758 est
531 1699 597 1758 vitai
617 1697 738 1758 dulcius
757 1713 852 1781 atque
868 1693 969 1760 animi

254 1782 469 1866 Conjugium3
501 1795 591 1843 tanto
619 1795 652 1841 te
679 1781 848 1841 absorbens
878 1785 1003 1844 vortice

632 1884 746 1924 amous
778 1910 781 1919 .
895 1923 904 1934 ‚

291 1948 406 2008 Aestus
416 1948 448 2007 in
459 1947 623 2034 abruptum
637 1947 793 2007 detulerat
806 1945 1003 2024 barathrum

254 2031 356 2116 Quale
375 2034 480 2092 ferunt
496 2030 582 2112 Graji
605 2023 762 2090 Pheneum
778 2043 878 2116 prope
894 2029 1003 2110 Cylle-

577 2167 580 2172 .
626 2135 719 2174 neum
771 2131 777 2143 ³

291 2198 409 2258 Siccari
428 2196 545 2258 emulsd
562 2200 678 2283 pingue
694 2194 808 2281 palude
823 2195 927 2257 soloni
932 2219 942 2273 3

251 2279 348 2362 Quod
364 2279 520 2362 quondam
544 2284 643 2340 caesis
661 2282 778 2339 montis
794 2281 915 2340 fodisse
934 2301 999 2340 me·

625 2359 717 2420 dullis

207 2429 211 2442 ’
286 2442 393 2503 Audet
411 2442 595 2526 falsiparens
616 2443 936 2528 Amphitryoniades:

248 2527 405 2609 Tempore
429 2521 493 2609 quo
522 2531 606 2604 certa
635 2527 831 2611 Stymphalis
858 2543 997 2590 monstra

624 2611 737 2695 sagitta
799 2659 805 2668 .

285 2689 442 2762 Perculit,
462 2691 597 2770 imperio
614 2691 781 2753 deterioris
799 2693 887 2754 heri:

243 2772 385 2834 Pluribus
401 2787 434 2832 ut
452 2773 534 2832 coeli
553 2791 705 2834 tereretur
720 2778 812 2854 janua
832 2777 945 2851 Divis,
1029 2785 1032 2792 ’

286 2855 376 2913 Hebe
397 2875 453 2914 nec
472 2855 565 2939 longai
581 2859 764 2928 virginitate
782 2861 876 2920 foret.
993 2863 996 2868 '

245 2937 313 2999 Sed·
332 2953 405 2998 tuus
428 2937 507 3000 altus
531 2963 617 3000 arnor
638 2935 790 3002 ‘bu-athre
816 2943 877 3000 fuit
900 2940 995 3003 altior

619 3023 697 3097 illo,
779 3073 784 3094 ,

284 3104 353 3187 Qui
366 3118 440 3168 tunc
454 3103 639 3169 indomitam
653 3109 736 3170 ferre
749 3111 857 3192 jugum
869 3105 991 3188 docui-t.
1070 3154 1077 3168 .
