2264 3726
284 361 348 478 nn
470 348 872 453 rnorrnrrr

291 523 428 613 Tertius,
446 513 531 578 haud
549 511 648 574 multo
666 509 768 570 minus
787 497 849 580 est,
871 508 952 567 cum
974 507 1063 569 duci.

375 607 378 618 ¹
599 643 601 649 ,
661 607 713 652 tur
734 611 851 651 annus:

332 689 397 750 Vix
415 682 543 746 memini
559 680 653 742 n'obic
669 675 765 738 verba
781 672 893 734 coisse
914 672 1045 735 decem.

295 773 414 836 Cuncta
439 785 512 830 tuus
538 762 687 850 sepelivit
713 777 819 818 amor:
845 777 912 816 nec
938 759 1060 818 femina

666 855 740 928 post
761 855 793 900 te
908 845 911 849 '
957 851 963 862 ¹

336 928 620 1012 Ulla'dedit'collo
641 927 743 988 dulcia
759 923 865 986 vincla
886 945 984 986 mco.

297 1027 399 1086 Testis
418 1022 478 1086 ecit
495 1018 595 1078 Dirce
614 1027 677 1072 tam
698 1027 777 1070 vero
794 1009 933 1068 crimine
951 1027 1059 1080 saeva,

338 1110 481 1188 Nycteos
496 1092 858 1182 Antiopen‘accubuisse
879 1092 994 1170 Lyco.

240 1241 244 1247 .
297 1193 349 1252 Ah
367 1188 492 1273 quoties
513 1181 662 1268 pulchros
680 1177 759 1238 ustit
775 1175 889 1258 regina
906 1174 1057 1260 capillos,

339 1271 518 1352 Molliaque
537 1265 673 1330 immites
691 1261 761 1320 fixit
778 1261 811 1319 in
827 1273 888 1318 ora
908 1255 1042 1319 manus!

299 1358 350 1418 Ah
376 1354 503 1440 quoties
527 1345 673 1410 fnmnlrtm
698 1343 804 1429 pensis
827 1345 990 1404 oneravit
1007 1343 1059 1403 ini·

675 1429 775 1510 quic,⁴

342 1523 436 1580 Ecca
460 1531 495 1577 ut
514 1517 546 1576 in
565 1513 642 1574 duri
682 1529 778 1572 onere
795 1509 893 1588 jussit
913 1509 1037 1572 haino!

304 1606 406 1690 Saepe
429 1541 516 1662 iilam
539 1535 705 1658 immuniis
720 1601 823 1679 rprosse
845 1606 897 1652 est
920 1591 1060 1656 habitare

556 1677 562 1686 ”
676 1675 814 1738 tenebris
826 1685 849 1749 s

340 1769 446 1830 Vilem
461 1768 587 1848 jejunae
605 1783 699 1846 saepe
716 1759 847 1845 negavit
862 1777 1001 1842 aquam.

303 1849 467 1942 Juppiter'.
485 1849 645 1934 Antiopae
661 1861 812 1926 nusquam
830 1846 998 1905 succurris
1014 1845 1060 1904 ha·

356 1940 358 1944 ’
596 1964 599 1972 ·
677 1925 767 1987 beuti

280 2039 283 2054 ⁴
346 2023 412 2083 Tot
437 2013 542 2079 mala?
563 2011 736 2097 corrumpit
761 2007 837 2070 dura
865 2021 987 2072 catena
1004 2031 1063 2071 mr·

328 2151 336 2158 .
618 2117 622 2126 ·
680 2117 748 2154 nus.

309 2189 344 2252 Si
358 2190 449 2249 Deus
467 2205 519 2260 es,
540 2181 599 2242 tibi
618 2193 710 2320 turpe
726 2191 811 2306 tupm
831 2178 960 2240 servire
979 2179 1066 2264 puel.

695 2283 763 2321 um.

241 2373 244 2380 ⁴
349 2355 485 2416 Invocet
500 2349 640 2432 Antiope
657 2365 759 2429 quern,
778 2343 849 2417 nisi,
869 2343 1000 2421 vincta,
1015 2348 1067 2410 Jo-

341 2447 346 2454 “
538 2445 541 2450 “
682 2427 781 2490 vem?

212 2595 227 2604 ,
312 2521 387 2583 Sola
412 2495 536 2598 terrico,
565 2533 769 2600 quaecunque
796 2509 929 2571 aderant
950 2513 1068 2574 incon

685 2595 886 2682 potientes,

355 2685 491 2770 Regales
508 2683 645 2742 manicas
661 2682 747 2765 rupit
764 2681 898 2761 utrique
914 2699 1028 2741 manu.

314 2770 393 2830 Inde
412 2767 612 2828 Cithaeronis
631 2763 743 2824 timido
759 2759 841 2850 pede
857 2765 959 2822 currit
976 2765 1011 2824 in
1028 2786 1070 2824 ar·

687 2870 748 2908 ces.
1106 2889 1107 2894 ,

151 2975 154 2982 =
213 3006 217 3010 ,
356 2927 437 2995 Nox
455 2944 534 3005 erat,
556 2943 589 2992 et
606 2951 713 3016 sparso
730 2931 820 2989 triste
841 2927 950 2990 cubile
971 2931 1054 3016 gelu.
1106 2897 1107 2956 i

164 3027 170 3041 '
315 3021 374 3082 sae
399 3017 515 3100 cvago
532 3014 635 3100 Asopi
653 3015 760 3075 sonitu
777 3024 924 3098 permota
943 3013 1068 3076 fluentis

311 3161 315 3166 .
361 3042 516 3164 eieciebat
534 3099 678 3164 dominae
695 3119 781 3184 pone
798 3097 908 3160 venire
924 3097 1046 3182 pedes3
