2264 3726
252 507 314 568 nu
423 451 833 566 ruoruur1r

257 629 434 692 Contentus
449 630 552 690 niveis
567 647 654 712 remp
677 649 691 684 r
706 624 878 688 vectabere
898 630 1027 706 cycnis,

296 713 367 771 Nec
384 727 416 771 te
436 713 529 771 fortis
550 716 624 795 equi
666 723 738 770 ucet
754 705 794 768 ad
810 728 896 767 arma
908 730 1026 772 conus.

254 794 310 858 Nil
334 795 393 853 tibi
413 795 453 853 sit
471 815 567 854 rauco
585 793 747 877 praetoria
766 789 899 852 classica
918 791 1026 854 cornu

297 876 409 952 Flere,
432 897 491 938 nec
515 877 654 938 Aonium
678 876 805 958 cingere
828 877 944 938 Marte
969 898 1028 937 ne-

194 1025 201 1034 ,
634 980 720 1019 mus:

254 1044 320 1107 Aut
334 1043 447 1125 quibus
456 1044 489 1102 in
498 1043 615 1128 campis
625 1043 775 1104 Mariano
785 1040 913 1126 proelia
924 1041 1023 1126 signu

297 1127 415 1202 Stent,
443 1139 475 1186 et
504 1127 697 1187 Teutonicas
724 1127 827 1186 Roma
859 1127 1023 1212 refringat

633 1227 731 1293 opert

251 1293 406 1362 Barbarus
418 1307 472 1356 aut
482 1291 589 1354 Suevo
606 1295 754 1377 perfusus
764 1291 917 1376 sanguiue
928 1293 1020 1353 Rhe·

435 1423 439 1433 r
630 1397 688 1436 UUS

294 1460 408 1521 Saucia
423 1435 582 1520 {oerenti
600 1478 735 1542 corpora
753 1470 863 1518 vectet
881 1461 979 1541 aquei.

253 1543 384 1628 Quippe
403 1555 576 1606 coronatos,
593 1541 729 1602 alienum
741 1539 780 1602 ed
794 1540 891 1601 limen
909 1563 1019 1604 amen-

565 1677 568 1684 ,
634 1639 703 1700 tes,

293 1708 544 1792 Nocturnaeque
563 1729 655 1768 canes
673 1708 761 1768 ebria
776 1709 865 1791 signa
884 1709 996 1791 fugae.

251 1791 296 1856 Ut
314 1813 372 1874 per
389 1807 421 1874 ce
441 1787 561 1854 clau'sas
586 1793 664 1852 sciat
687 1803 855 1856 excantare
872 1791 1015 1887 puellas,

295 1876 359 1958 Qui
383 1875 473 1936 volet
491 1889 636 1936 austeros
651 1888 718 1934 arte
734 1875 831 1934 ferire
848 1895 946 1937 vrroc.

152 1985 157 1992 ’
254 1957 345 2018 Talia
357 1956 518 2043 Calliope,
536 1957 737 2041 lymphisque
754 1978 771 2018 a
785 1959 879 2019 fonte
887 1959 1015 2043 petitis,

291 2042 358 2138 ¹Ore
376 2041 519 2106 Philetee
536 2053 644 2110 nostra
663 2039 781 2127 rigavit
798 2043 889 2126 aqui.

449 2353 819 2472 ccecrnflu

248 2504 361 2601 Arma
375 2542 466 2605 Deus
478 2537 595 2608 caesar
613 2541 695 2605 dites
713 2539 890 2604 nieditatur·
901 2540 940 2602 ad
956 2541 1014 2601 In·

633 2624 691 2686 dos
701 2665 712 2698 ‚

290 2705 334 2764 Et
353 2708 436 2766 freta
454 2707 633 2791 gemmiferi
651 2709 769 2784 findere
789 2707 889 2768 classe
906 2709 1015 2769 maris.

249 2789 373 2870 Magna
398 2791 473 2850 viae
501 2810 642 2854 merces:
675 2805 765 2877 parat
791 2791 903 2870 ultima
931 2805 1018 2856 terra

632 2869 825 2962 triumphos.

292 2954 397 3042 Tigris
417 2969 449 3015 et
467 2956 648 3042 Euphrates
667 2960 724 3018 sub
741 2973 796 3019 tua
814 2961 884 3040 jura
903 2957 1014 3019 fluent.

248 3038 341 3106 Seres
368 3052 401 3099 et
426 3038 578 3101 Ausoniis
601 3044 731 3104 venient
755 3045 923 3128 provincia
949 3044 1016 3104 vir·

629 3148 677 3209 grs
689 3148 698 3187 r

269 3183 484 3292 ¹Adsuescent
504 3209 598 3274 Latio
617 3209 733 3272 Partha
752 3223 885 3296 tropaea
903 3208 991 3274 Jovi.
