2264 3726
293 263 502 328 LIBER
547 261 612 321 ΙΙΙ.
773 261 832 319 353
893 265 902 286 ‘

70 397 130 457 Ille
149 405 259 483 potest
278 391 366 453 nullo
385 391 531 516 miserans}
549 405 598 445 me
624 381 835 468 linqueretu-
891 363 895 376 ⁵

450 493 525 533 co.

113 535 160 622 ite
178 559 302 644 qualem
321 556 407 618 nulla
423 489 529 616 dicire
546 551 663 614 habere
682 533 806 612 domo?

73 645 197 706 Gaudet
214 663 262 703 me
279 661 381 704 vacuo
400 639 500 700 solam
518 639 681 697 tabescere
697 633 811 695 lecto‘.²

113 727 149 788 si
171 726 308 814 piacet,
333 723 486 795 insultet,
516 719 699 804 Lygdame,
729 731 833 808 morte

305 863 307 869 .
456 825 537 866 mea.

75 896 152 978 Nou
169 913 219 953 me
236 891 378 953 moribus
399 887 453 949 illa
464 887 548 986 ’.⁵?‘¹
559 885 674 974 ¹herbis
694 883 839 970 improba

456 986 548 1032 vrcrt.

117 1059 278 1121 Stamiueai
294 1055 425 1118 rhombi·
440 1053 565 1114 ducitur
582 1051 638 1112 ille
657 1053 738 1113 rota.

40 1173 45 1184 =
76 1143 170 1204 Illum
189 1141 344 1226 turgentis
363 1157 459 1198 ranae
477 1151 629 1222 portenta
646 1137 799 1208 rubetae,

119 1229 161 1286 Et
175 1225 259 1285 lecta
277 1222 415 1282 exsectis
432 1219 588 1306 unguibus
606 1240 677 1288 ossa
691 1217 837 1280 trahunt:

76 1312 120 1370 Et
138 1309 246 1392 strigis
265 1306 414 1367 inventae
432 1324 490 1388 per
509 1304 601 1364 busta
617 1301 837 1387 jacentiaplu·

461 1407 532 1448 mae

124 1474 300 1556 Cinctaque
317 1473 446 1531 funesto
463 1423 555 1532 lanei
570 1457 652 1532 uitta
670 1453 758 1533 toro.

81 1561 116 1620 Si
131 1579 196 1620 non
210 1569 507 1630 ranacauuutmea,
520 1555 693 1639 Lygdame,
705 1560 840 1632 somnia,
940 1549 943 1558 Δ

460 1652 586 1712 testor,

126 1727 231 1788 Poena
256 1724 318 1785 erit
336 1736 409 1783 ante
430 1741 519 1782 meos
538 1743 625 1798 sera,
654 1725 709 1785 sed
727 1723 843 1811 ampla,
874 1753 882 1764 ·

463 1803 575 1890 pedes.

83 1893 186 1956 Putris
205 1905 238 1952 et
257 1893 290 1950 in
309 1907 411 1951 vacuo
428 1901 557 1951 texetur
577 1909 689 1951 aranea
705 1891 812 1953 lecto:

125 1975 285 2038 Noctibus
303 1971 430 2034 illorum
448 1972 586 2034 dormiet
603 1975 674 2059 ipsa
691 1975 813 2035 Venus.

87 2062 179 2142 Quae
196 2057 254 2117 tibi
269 2056 297 2116 si
313 2057 398 2117 veris
414 2056 526 2116 animis
545 2070 594 2117 est
606 2070 716 2140 questa
726 2055 854 2144 puella,

127 2141 198 2200 Hac
214 2138 324 2200 eadem
341 2159 459 2216 rursus,
479 2139 651 2224 Lygdame,
672 2161 760 2200 curre
778 2140 863 2214 uit„

86 2227 131 2288 Et
148 2243 219 2284 mea
239 2243 309 2284 cum
326 2219 433 2282 multis
458 2221 605 2302 lacrymis
630 2222 773 2284 mandata
795 2243 847 2283 re·

103 2323 107 2328 ·
388 2327 391 2334 ¹
472 2320 589 2390 porta,

133 2388 235 2462 Iram,
254 2409 318 2451 non
334 2388 460 2449 fraudes
477 2409 544 2449 esse
561 2391 594 2448 in
611 2409 718 2450 amore
734 2409 818 2452 meo.

88 2473 150 2534 Me
167 2489 293 2554 quoque
305 2471 461 2534 consimili
472 2474 657 2556 impositum
668 2474 848 2557 torquerier

455 2579 482 2614 -1
526 2579 539 2614 l

124 2635 275 2708 urrato,
293 2646 326 2694 et
346 2637 396 2694 bis
413 2656 469 2696 sex
484 2652 609 2724 mteger
627 2659 695 2701 esse
714 2641 794 2702 dies.

94 2717 193 2804 Quod
212 2718 297 2796 mihi
308 2718 335 2776 si
349 2731 439 2779 tanto
457 2721 536 2786 felix
554 2725 726 2786 concordia
742 2724 827 2788 bello

136 2802 321 2877 Exstiterit,
338 2821 397 2888 per
411 2823 473 2876 me,
493 2803 662 2887 Lygdum,
681 2809 761 2871 liber
777 2810 850 2871 eris.
