2224 3724
252 375 264 400 l

182 463 305 546 ,sp
426 401 886 518 seorsusss'

243 586 314 648 Nec
332 582 462 645 sedeant
480 582 711 654 citissimam,
727 593 762 640 at
779 576 952 642 Cerberus
973 583 1031 645 ul.

620 677 672 724 tm

285 749 404 832 Turpia
422 750 532 826 jejuno
547 759 666 806 terreat
686 765 755 805 ossa
773 764 879 820 souo;

194 895 198 908 s
244 830 418 895 Doctavel
437 829 649 917 Hippolytum
667 829 785 888 Veneri
802 827 944 904 mollire
964 853 1026 897 ne.
1105 837 1106 842 ’

644 926 766 984 antem,

285 997 510 1078 Concordique
535 1010 607 1057 toro
623 936 764 1078 iussim
779 1014 916 1079 semper
933 999 1022 1058 avis.

243 1081 425 1164 Penelopen
445 1099 593 1162 quoque,
620 1077 767 1176 neglecto
792 1098 933 1139 rumore
953 1103 1022 1142 ma·

610 1175 694 1234 Arata,

285 1247 415 1310 Nubere
433 1246 554 1310 lascivo
575 1257 705 1327 cogeret
719 1243 877 1303 Antinoo.

242 1330 303 1392 Illa
323 1330 419 1405 velit,
438 1329 559 1412 poterit
576 1325 704 1413 magnes
721 1347 784 1388 non
803 1323 931 1388 discere
952 1331 1019 1389 fer·

622 1433 715 1484 rum,

286 1499 328 1558 Et
346 1494 487 1556 volucris
506 1493 589 1553 nidis
608 1513 676 1554 esse
693 1511 829 1556 noverca
843 1494 935 1556 suis.

247 1581 377 1665 Quippe
397 1592 429 1637 et
449 1576 589 1640 Collinas
610 1577 774 1640 adfossam
784 1579 933 1638 moverit
945 1577 1019 1644 her.

530 1670 533 1676 '
584 1721 587 1726 ,
620 1661 699 1732 ·bas‚

289 1739 411 1808 Stantia
429 1745 566 1804 currenti
584 1743 776 1804 diluerentur
795 1747 889 1826 aqui.

249 1827 364 1888 Audax
381 1843 524 1888 cantatae
541 1827 627 1910 leges
643 1828 806 1910 imponere
825 1827 964 1903 Lunae,

288 1913 329 1972 Et
347 1932 401 1972 sua
418 1927 572 1972 nocturno
592 1909 700 1971 Fallere
719 1925 807 1993 terga
822 1908 918 1994 lupo.

248 1995 351 2056 Possit
368 2009 405 2056 ut
423 1997 565 2054 intentos
581 2007 650 2052 astu
668 2013 795 2054 caecare
814 1996 977 2070 maritos,

292 2079 651 2140 Cornicumimmeritas
670 2077 752 2136 eruit
770 2097 875 2161 ungue
899 2099 1018 2160 genas.

250 2162 482 2245 Consuluitque
506 2162 619 2244 striges
638 2173 750 2220 nostro
776 2158 815 2218 de
837 2163 1016 2242 sanguine,

628 2257 660 2302 et
677 2267 709 2302 sn
723 2263 772 2302 mo

292 2330 511 2413 Hippomanes
527 2329 636 2386 foetae
655 2327 773 2385 semina
789 2324 868 2406 legit
892 2346 1015 2409 equae.

250 2411 434 2474 Exornabat
445 2432 526 2495 opus
536 2410 654 2482 verbis,
669 2430 730 2468 ceu
739 2408 852 2468 blanda
862 2425 1013 2492 perurat,

294 2496 509 2577 saxosamque
524 2497 608 2553 'terat
626 2492 733 2567 sedula
752 2491 844 2577 culpa
861 2493 969 2553 viam:
1035 2505 1043 2514 '
1104 2485 1105 2504 ¹

144 2643 153 2650 ,
253 2578 287 2636 Si
301 2593 333 2637 te
352 2581 431 2652 an,
451 2577 692 2649 Doroxanium‚
711 2577 800 2653 juvat
815 2596 909 2635 aurea
925 2579 1012 2661 ripa,

294 2662 335 2720 Et
355 2681 435 2742 quae
451 2660 506 2720 sub
519 2661 613 2737 Tyrii
624 2658 744 2719 concha
754 2657 896 2743 superbit
907 2665 992 2741 aqui
1005 2683 1015 2722 s

201 2764 210 2781 ³
253 2743 472 2826 Eurypylique
499 2741 603 2827 placet
626 2741 715 2804 Coae
738 2751 864 2802 textura
883 2742 1014 2802 Miner.

629 2847 688 2885 vae

294 2907 452 2989 Sectaque
471 2907 508 2966 ab
518 2906 665 2970 Attalicis
680 2865 785 2993 p'utria
801 2909 891 2992 signa
907 2909 1010 2970 toriss

255 2992 319 3057 Seu
335 3013 415 3076 quae
431 2988 615 3083 palmiferae
629 2993 762 3133 lspittuut
779 2987 904 3090 venalia
923 2991 1019 3060 The..

652 3095 688 3136 ae

294 3160 488 3244 Murreaque
499 3159 531 3220 in
540 3156 661 3219 Parthis
673 3117 785 3243 pirula
800 3169 893 3220 cocta
908 3157 1008 3220 focis:
