2224 3724
294 287 504 346 trouu
550 247 653 348 tul
767 290 874 372 597·

253 583 281 642 E
302 583 327 640 L
349 584 376 640 E
398 580 426 640 G
446 579 465 638 Ι
485 581 514 640 A
556 579 632 641 VII.

251 688 255 716 l

78 717 167 812 Sunt
176 747 294 831 aliquid
303 767 427 824 manes;
444 745 543 806 letum
553 767 616 808 non
628 741 808 808 omnialinit
821 771 829 811 t

119 834 297 915 Luriduque
313 835 435 893 evictus
452 831 564 913 effugit
580 831 686 891 umbra
702 851 809 917 rogos.

79 916 217 998 Cynthia
241 936 374 999 namque
399 933 470 976 meo
496 917 566 975 visa
586 928 633 974 est
651 915 830 986 incumbere

453 997 578 1071 sulem,

120 1075 314 1145 Murmurad
325 1093 485 1140 extremae
496 1093 596 1164 nuper
606 1082 829 1143 humataviae:

79 1166 160 1227 Clnn
183 1145 261 1226 milri
288 1185 414 1226 somnus
442 1164 479 1224 ab
502 1167 661 1248 exsequiis
680 1165 832 1251 penderet

456 1267 586 1322 amaru,

120 1333 161 1390 Et
180 1341 327 1414 quererer
344 1330 421 1390 lecti
435 1330 552 1416 frigida
567 1349 663 1415 regna
678 1334 753 1392 mei.
802 1345 805 1352 ·

78 1415 217 1476 Eosdem
245 1414 355 1474 habuit
380 1433 505 1486 secum,
530 1414 641 1554 tpuibue
665 1429 712 1475 est
737 1413 831 1488 elatu,

142 1498 148 1509 ’
457 1496 611 1580 capilus,

120 1579 259 1641 Eosdem
279 1577 409 1642 oculos:
427 1577 520 1640 lateri
530 1583 627 1640 vestis
639 1581 746 1640 adusta
757 1581 832 1642 fuit.

79 1666 122 1724 Et
139 1663 264 1724 solitam
283 1663 315 1722 di
339 1665 385 1724 ito
405 1661 551 1743 beryllon
570 1663 717 1726 adederat
735 1665 830 1749 iguis,

122 1687 486 1830 SummaquegLetbaeue
503 1747 634 1806 triverat
652 1769 706 1810 ora
716 1747 833 1830 liquor.

81 1831 299 1916 spirantisque
325 1832 521 1972 animumn&
544 1848 655 1890 vocem
676 1829 778 1891 misit:
803 1843 834 1889 at

456 1935 467 1972 1
493 1935 503 1972 t

120 1995 292 2058 Pollicibuc
309 1996 439 2080 fragiles
459 1999 645 2080 increpuere
664 2015 791 2056 manus:

80 2078 214 2155 Perlide,
230 2101 289 2140 nec
299 2083 444 2163 cuiquam
455 2079 568 2142 melior
578 2079 731 2165 sperande
746 2079 835 2163 puel-

459 2163 529 2238 lae,
765 2229 771 2242 Ι

121 2246 160 2305 In
177 2247 286 2324 tejam
304 2249 388 2308 vires
405 2267 531 2308 romnus
549 2246 666 2306 habere
682 2243 817 2331 potest?

83 2332 192 2393 Jamne
210 2331 269 2392 tibi
288 2329 626 2417 excideruut'vig'ilacis
641 2331 725 2392 furta
736 2329 835 2390 Subu·

460 2435 533 2488 rae,

125 2497 166 2556 Et
182 2515 252 2556 mea
270 2498 433 2558 nocturnis
450 2498 525 2556 trita
542 2500 681 2558 fenestra
701 2494 810 2558 dolie?

82 2579 141 2666 Per
165 2601 256 2663 quom
286 2579 422 2642 demisso
450 2582 576 2700 quotiep
599 2579 656 2639 tibi
680 2583 755 2640 fune
782 2599 837 2666 pe·

484 2664 575 2725 endi.
614 2711 616 2716 -

125 2742 255 2805 Alterni
273 2747 402 2808 veniens
420 2687 523 2808 iniria
541 2747 623 2809 colla
640 2767 743 2810 manu.

84 2827 186 2914 Saepe
204 2830 312 2890 Venus
334 2829 431 2890 trivio
450 2834 612 2892 commissa
623 2872 633 2906 ,
657 2847 688 2892 et
706 2846 838 2918 pectore

461 2931 562 2978 mixto

125 2995 282 3056 Fecerunt
300 2995 423 3082 tepidae
441 2998 535 3082 pallia
552 3013 659 3062 nostra
676 2999 755 3060 viae.
