2264 3726
272 359 333 436 sn
454 367 921 448 ΡιιοΡΕΗΙΙ1

269 499 341 562 Nec
359 513 395 559 tu
414 496 599 582 Virginibus
616 495 794 556 reverentia
806 497 950 556 moveris
967 519 1053 562 ora:

311 584 375 642 Hic
393 601 521 666 quoque
538 599 603 640 non
623 581 736 652 nescit,
757 577 839 662 quid·
852 580 893 640 sit
916 602 1050 657 amare,

650 661 777 722 chunus.
807 687 814 710 ν
865 708 869 718 ,

269 750 304 810 si
323 762 429 808 tamen
441 747 561 828 Oeagri
580 745 732 829 quaedam
743 749 1049 833 compressafiguris

275 891 278 900 ,
312 832 466 890 Bistoniis
484 829 561 891 oiim
577 829 708 915 rupibus
727 827 885 891 accubuit.
993 833 1000 837 ’

269 915 333 978 Hic
358 913 415 974 ubi
438 935 490 974 me
512 915 616 997 primi
634 925 778 983 statuent„
792 916 825 974 in
841 927 936 1000 parte
957 917 1045 980 cho-

644 1015 743 1068 reae,
781 1025 785 1050 1

311 1083 353 1141 Et
375 1081 498 1140 medius
516 1082 607 1140 tecti
621 1077 752 1178 cuspide
770 1081 913 1143 Bacchus
933 1085 1022 1146 erit:

271 1168 350 1226 Tum
377 1165 476 1250 capiti
500 1153 604 1224 sacrus
624 1177 728 1305 Ρὲῑιατ
745 1163 1041 1250 penderecorym·

672 1265 727 1324 ως

309 1331 401 1392 Nam·
411 1332 479 1391 sine
492 1345 524 1390 te
535 1345 677 1391 nostrum
687 1351 751 1392 non
762 1331 889 1396 valetis
915 1335 1039 1395 onium.

225 1481 229 1503 .
269 1417 344 1478 Hoc
371 1417 493 1476 utinam
517 1415 659 1500 spatiere
679 1413 784 1490 loco,
819 1355 1040 1501 quosicunque

231 1493 235 1513 ¹
650 1499 799 1571 vacabis,

311 1583 471 1663 Cynthia:
492 1581 548 1642 sed
572 1580 633 1642 tibi
650 1603 701 1642 me
719 1583 848 1643 caedere
868 1582 962 1644 turba
981 1605 1039 1645 ve-

651 1679 697 1726 tat
706 1687 717 1744 3

227 1737 230 1756 ¹
275 1749 362 1810 Gen
372 1747 463 1809 videt
480 1749 618 1810 accensis
635 1747 785 1810 devotam
795 1769 922 1810 currere
932 1749 1037 1811 taedis

312 1833 350 1896 In
365 1840 489 1908 nemus,
510 1846 542 1893 et
559 1833 822 1895 Triviaelunsina
832 1836 915 1913 fecte
926 1836 1034 1894 Deae.

271 1915 354 1978 Nans
381 1915 457 2000 quid
482 1917 659 1978 Praenestis
684 1916 815 1993 dubias,
840 1937 860 1978 ο
879 1915 1034 1998 Cynthia,

418 2022 421 2028 ·
652 1999 789 2062 sortes?
972 2062 977 2070 ,

313 2085 402 2165 Quid
418 2087 503 2170 petis'
520 2083 621 2144 Aeaei
640 2085 769 2144 moenia
789 2083 973 2170 Telegoni?

274 2166 381 2229 Gurve
408 2182 440 2228 te
467 2169 499 2226 in
521 2165 715 2227 Hercubeum
733 2165 904 2252 deportant
922 2167 1034 2228 esseda

642 2249 777 2313 OEibur'?

313 2332 420 2418 Appia
436 2355 490 2394 cur
508 2333 656 2396 totieste
672 2335 725 2396 via
743 2333 830 2396 ducit
846 2330 963 2395 anum?

270 2417 403 2477 Scilicet
420 2417 583 2478 umbrosis·
596 2417 705 2479 condet
714 2418 866 2506 Pompeia
877 2418 1032 2478 columnis

310 2497 911 2578 PosticusaulaeisnobilisAttelicis3
969 2504 973 2512 '

270 2584 312 2642 Et
329 2584 437 2644 creber
447 2583 714 2670 platanispariter
723 2585 924 2668 surgentibus
935 2583 1027 2660 ordo,

272 2701 283 2710 -
311 2666 454 2726 Flumina
469 2666 583 2752 sopito*
591 2688 735 2752 quaeque
745 2671 883 2731 Marone
895 2669 1027 2746 cadunt3

271 2750 313 2808 Et
325 2747 442 2832 leviter
450 2749 534 2829 Nym
558 2750 607 2812 bis
618 2756 689 2814 toti
703 2752 932 2838 crepitantibus
941 2751 1028 2827 urbe,

313 2831 392 2891 Cbns
413 2831 521 2894 subitb
536 2773 658 2896 13sciton
674 2856 732 2899 ure
750 2835 897 2898 recondit
908 2855 1027 2918 aquam.

271 2913 421 2976 Fallacia:
444 2916 505 2978 ista
521 2919 568 2978 tui
583 2921 703 2981 furtum
717 2921 769 2983 via
779 2933 934 2982 monstrat
945 2939 1028 2980 amo·

648 3025 702 3066 ns.

309 3083 386 3148 Nou
395 3084 515 3178 ucbem,
527 3086 655 3150 demens
666 3131 675 3164 ‚
687 3087 805 3152 lumina
813 3101 925 3150 nostra
934 3085 1028 3170 fugis.

844 3307 873 3348 0
993 3285 1018 3322 ἱ
