2288 3722
397 343 616 404 maun.
749 310 763 320 ’
843 346 946 404 δι’

417 509 576 572 xxm.
616 529 619 544 ·

203 677 206 684 .
244 682 248 690 .
295 631 355 694 IN
396 605 705 696 nonnatuiu.

119 766 312 886 Egnatius,
333 799 419 885 qudd
435 800 585 862 candidos
600 801 696 861 babet
712 798 841 876 dentes,
918 854 924 872 ,
984 855 987 868 ,

118 883 263 1004 Renidqt
283 905 528 969 usquequaque:
554 905 611 945 teu
636 883 674 944 ad
682 885 736 944 uei
752 898 881 946 ventum

315 1012 318 1022 ι
503 983 562 1028 Ost!
631 1015 649 1039 s

75 1047 80 1056 '
129 1048 343 1126 subsellium,
364 1055 434 1111 cum
452 1065 560 1112 orator
579 1051 697 1111 excitat
713 1049 839 1125 fletum,

90 1137 94 1144 '
124 1133 269 1196 Renidet
284 1133 359 1196 ille:
378 1153 433 1194 seu
446 1135 494 1219 pii
512 1134 551 1194 ad
568 1154 679 1218 rogum
697 1133 754 1218 filii
828 1137 833 1148 '

125 1217 291 1300 Lugetur,
311 1216 388 1278 orba
406 1221 473 1278 cinn
490 1217 545 1278 flet
561 1219 686 1276 unicum
702 1230 822 1292 mater,

125 1298 268 1358 Renidet
283 1299 356 1360 ille:
381 1299 535 1384 quidquid
551 1313 611 1373 est,
627 1299 804 1384 ubicumque
821 1314 879 1374 est,

127 1381 353 1466 Quodcunque
381 1383 473 1467 agit,
502 1379 638 1442 renidet.
668 1383 760 1442 Hune
786 1382 881 1444 habet

493 1465 666 1540 -morbum,

121 1545 240 1632 Neque
262 1547 456 1636 elegantem,
480 1561 516 1608 ut
533 1547 687 1626 arbitror,
707 1567 810 1632 neque
828 1568 880 1608 ur·
923 1551 928 1572 ¹

200 1631 202 1635 ’
232 1628 245 1659 ”
490 1631 626 1698 bonum.

124 1714 231 1795 Quare
248 1713 423 1775 monendus
443 1733 475 1802 eg
494 1713 592 1788 mihi,
611 1709 694 1774 bone
709 1713 842 1797 Egnati:

122 1797 158 1855 si
177 1795 315 1856 urbanus*
329 1817 423 1871 essee,
445 1810 498 1856 aut
513 1797 659 1870 Sabinus,
679 1809 732 1859 aut
750 1797 876 1870 Tiburs,
900 1799 903 1810 ‘

120 1877 190 1937 Aut
206 1893 316 1962 pastus
335 1879 470 1954 Umber,
489 1894 543 1940 aut
562 1881 676 1940 obesus
693 1881 855 1955 Etruscus,
918 1925 930 1968 ·.

121 1961 190 2020 Aut
209 1961 391 2021 Lanuvinus
412 1976 479 2022 atet
495 1977 589 2046 atque
607 1963 771 2035 dentatus,
817 1987 820 1994 ¹

121 2042 190 2103 Aut
205 2043 458 2128 Transpadanus,
480 2059 516 2105 ut
532 2065 621 2106 meos
640 2063 767 2127 quoque
785 2047 879 2106 attin·

501 2149 592 2212 gam,
824 2177 827 2184 .

120 2205 189 2268 Ant
206 2208 361 2292 quilibet,
384 2211 436 2292 qui
453 2213 576 2296 puriter
594 2211 674 2272 lavit
692 2208 801 2272 dentes
810 2235 822 2290 3

123 2292 244 2351 Tamen
261 2292 407 2352 renidere
426 2315 652 2378 usquequaque
671 2309 703 2354 te
721 2293 859 2358 nollem:
937 2335 943 2344 ·

122 2372 207 2433 Nam
225 2377 292 2456 risu
309 2377 422 2460 inepto
438 2398 487 2438 res
505 2379 557 2436 ine
582 2381 646 2438 tior
665 2377 749 2436 nulla
767 2394 826 2440 est.

125 2455 221 2518 Nunc
239 2447 383 2517 Celtiber
399 2479 449 2520 est
474 2401 695 2520 Celtiberidin
712 2466 793 2522 terrai

116 2537 226 2620 »Quod
240 2541 373 2624 quiaque
388 2544 514 2616 minxit,
534 2542 596 2603 hoc
614 2542 697 2604 tolet
715 2545 775 2603 sibi
790 2545 881 2606 mand
926 2555 932 2566 ⁸
964 2545 966 2560 '

124 2621 282 2696 Dentem,
301 2636 396 2707 atque
413 2645 532 2688 russam
542 2625 695 2706 defricare
705 2629 882 2712 gingivam3
914 2627 918 2636 ”

127 2701 174 2764 Ut
192 2725 256 2790 quo
272 2708 333 2766 iste
351 2722 457 2768 vester
475 2709 650 2794 expolitior
667 2710 741 2771 dens
759 2725 820 2785 eet,

126 2781 201 2848 Hoc
221 2801 255 2847 te
273 2790 405 2874 amplius
424 2791 541 2852 bibisse
560 2791 722 2877 praeditet
738 2794 811 2874 loti.
