2224 3724
269 291 329 357 400
451 265 850 329 PROPERTII

168 451 176 464 ,
268 405 358 461 Haec
376 401 431 457 sira
450 395 595 456 maternis
618 393 759 478 qoeritur
781 391 891 462 livere
915 397 1048 455 catenis

310 481 454 554 Brachia,
470 499 528 554 nee
542 478 667 536 meritas
684 473 801 560 frigida
817 495 902 535 saxa
914 500 1046 538 marrus,

269 568 385 630 Narrat
409 566 656 648 Hypermnestre
680 563 826 642 magnum
848 579 950 620 ausas
975 582 1046 622 esse

391 672 393 675 ·
646 661 791 716 sorores3

310 735 348 794 In
365 729 464 791 scelus
481 727 762 789 hocanimumnon
772 722 922 786 valuisse
934 747 1045 786 suum.

174 861 183 868 „
269 819 321 879 Sic
347 815 457 875 mortis
480 810 625 890 lacrymis
652 809 737 867 vitae
764 827 917 868 sanamus
949 799 1043 869 anio.

643 911 704 950 res.

314 980 393 1042 Celo
412 998 472 1062 ego
491 974 642 1062 perfidiae
659 974 788 1032 crimina
803 973 911 1034 multa
930 988 1023 1036 tuae.

271 1067 334 1128 Sed
362 1063 420 1122 tibi
445 1083 526 1121 nunc
550 1057 695 1118 mandata
722 1056 859 1130 damus,
893 1059 926 1116 si
949 1059 1041 1120 forts}

267 1211 280 1230 f
358 1221 361 1226 .
643 1141 801 1212 moveris,

268 1244 274 1248 ’
310 1233 345 1294 Si
360 1244 392 1290 te
408 1249 473 1289 non
489 1239 592 1286 totum
610 1223 752 1284 Doridos
768 1221 870 1282 herba
893 1237 1005 1285 tenet.

269 1311 388 1376 Nutrix
404 1314 435 1370 in
452 1307 591 1369 tremulis
609 1327 648 1366 ne
664 1305 739 1389 quid
753 1303 930 1368 ,desideret
946 1310 1038 1366 annis

309 1395 497 1468 Parthenio,
515 1391 641 1477 patuit,
659 1409 718 1448 nec
737 1389 798 1448 tibi
817 1409 919 1448 avara
936 1391 1017 1450 fuit.

268 1481 478 1560 Deliciaeque
503 1493 592 1534 meae
617 1474 741 1545 Latris,
771 1471 822 1531 cui
850 1491 980 1533 nomen
999 1475 1035 1533 ab

574 1586 579 1595 ·
642 1577 702 1615 usu
720 1569 788 1628 est,
846 1578 849 1584 ·

308 1647 361 1708 Ne
378 1641 538 1732 speculum
555 1639 701 1700 dominae
719 1637 866 1724 porrigat
887 1637 948 1698 illa
974 1660 1035 1700 no·

645 1743 714 1782 vae.
766 1765 771 1782 .

181 1803 186 1822 ⁶
267 1818 309 1876 Et
326 1829 530 1898 quoscunque
544 1825 616 1866 meo
632 1803 739 1864 fecisti
754 1803 883 1862 nomine
900 1823 1032 1878 versus,

220 1929 223 1934 ·
310 1899 374 1958 Ure
393 1893 487 1952 mihi:
510 1888 617 1950 laudes
636 1887 748 1946 desine
761 1885 879 1944 habere
897 1907 1002 1946 meas.

191 1975 194 1979 ⁴
214 1989 221 2012 '
266 1982 353 2042 Pelle
369 1977 515 2039 hederam
530 1970 665 2044 tumulo,
683 1958 849 2050 mihiiauae
860 1985 1030 2053 pugnante

644 2052 794 2131 corymbo

245 2161 247 2169 ’
308 2147 427 2222 Mollia
444 2139 600 2202 contortis
621 2135 739 2219 adligat
756 2154 827 2195 ossa
848 2137 967 2196 comis.

268 2231 410 2294 Pomosis
429 2227 510 2284 Anio
531 2215 588 2306 qui
610 2219 762 2306 spumifer
776 2217 908 2276 incubat
927 2220 1028 2292 arvis,

308 2319 351 2374 Et
384 2329 540 2391 nunquam
571 2301 730 2364 Herculeo
762 2300 890 2361 numine
922 2302 1027 2386 pallet

643 2387 739 2457 ebur,

265 2483 339 2544 Hoc
355 2497 479 2541 carmen
493 2472 595 2534 media
606 2469 731 2556 dignum
746 2487 796 2526 me
812 2465 917 2526 scribe
936 2466 1028 2528 colu.

643 2555 734 2625 mna,

308 2647 372 2706 Sed
387 2647 495 2720 breve,
514 2640 599 2724 quod
617 2657 741 2698 currens
758 2633 870 2693 vector
886 2631 925 2690 ab
945 2633 1026 2692 urbe

641 2720 747 2802 legat:

267 2812 329 2872 Hic
348 2813 526 2869 Trioni-ms
547 2825 641 2869 iscar
657 2819 759 2862 avaras
777 2797 928 2858 Crassus
945 2819 1025 2859 m.

618 2905 694 2946 RA·
750 2891 761 2912 Ν
872 2911 876 2916 .

308 2979 460 3040 Αεεῑεεῑτ
481 2991 578 3034 aseae
600 2990 698 3046 asos,
720 2968 867 3036 Amin,
890 2983 990 3032 roas.
