2264 3726
324 487 535 550 utana
575 486 640 548 111.
798 492 867 572 aa,

113 611 177 691 Ite,
197 615 294 700 agite,
313 627 466 700 expertae
484 609 570 676 bello
591 613 663 674 date
679 611 777 674 lintea
795 635 871 699 pro-

488 717 543 757 rae

104 813 107 820 =
156 781 198 840 Et
215 781 344 844 solitum
362 782 509 866 armigeri
527 737 634 844 dircite
651 801 762 856 munus
785 781 871 864 equi.

117 861 231 925 Omnia
256 867 360 925 fausta
385 884 477 926 cano.
520 863 675 938 Crassos,
705 861 872 948 cladesque

486 949 593 1033 piare:
635 1007 637 1012 .

154 1032 225 1106 Ite,
245 1045 277 1092 et
293 1033 456 1094 Romanae
476 1029 632 1094 consulite
652 1030 818 1092 historiae.

112 1116 204 1176 Mars
222 1128 336 1199 pater,
363 1128 396 1176 et
414 1114 522 1175 sacrae
544 1113 655 1176 fatalia
673 1113 791 1175 lumina
807 1113 870 1176 Ve·
1010 1189 1013 1196 ,

488 1211 575 1270 stae,

105 1315 110 1322 ·
154 1279 239 1339 Ante
255 1299 344 1342 meos
362 1280 469 1342 obitus
484 1283 545 1356 sit,
561 1300 697 1364 precor,
715 1279 770 1340 iila
788 1281 869 1356 dies,

114 1363 187 1444 Qua
203 1362 328 1424 videam
346 1363 459 1448 spoliis
476 1377 609 1426 onerato
627 1362 770 1427 Caesaris
791 1385 851 1427 axe

154 1445 204 1504 Ad
222 1445 311 1530 vulgi
327 1447 456 1532 plausus
474 1467 569 1534 saepe
586 1448 735 1508 resistere
751 1468 869 1530 equos;

112 1529 214 1614 Inque
234 1531 303 1592 sinu
322 1551 413 1591 carae
429 1533 522 1594 nixus
543 1544 688 1615 spectare
702 1531 829 1615 puellae
917 1597 934 1610 ,s

153 1613 321 1698 Incipiam,
338 1629 370 1676 et
383 1613 486 1674 titulis
504 1613 624 1700 oppida
640 1628 731 1700 capta
747 1614 869 1700 legam3

115 1696 193 1761 Tela
210 1699 333 1782 fugacis
357 1700 451 1782 equi,
478 1712 510 1760 et
540 1697 677 1760 braccati
695 1697 805 1758 militis
824 1719 871 1760 ar-

489 1802 563 1856 cus,

150 1865 194 1924 Et
210 1863 319 1926 subter
334 1878 447 1951 captos
466 1885 548 1926 arma
565 1863 677 1924 sedere
692 1866 813 1926 Duces.

111 1944 186 2032 Ipsa
213 1962 299 2008 tuam
324 1969 415 2011 serva
434 1948 578 2034 prolem,
596 1948 726 2010 Venus:
749 1949 812 2010 boc
829 1949 869 2008 sit

485 2055 518 2094 m
543 2053 675 2106 aevum,

154 2112 265 2174 Cernis
285 2114 323 2175 ab
342 2116 451 2178 Aenea
471 2117 558 2202 quod
580 2135 744 2200 superesse
763 2128 868 2200 caput.
904 2179 913 2192 ¹

111 2197 232 2260 Praeda
249 2197 290 2257 sit
307 2195 387 2260 haec
410 2199 492 2280 illis,
510 2221 644 2286 quoruur
662 2219 805 2262 meruere
822 2197 868 2270 la,-

487 2285 598 2346 bores:

153 2363 209 2424 Mt
226 2378 274 2424 sat
293 2367 354 2428 erit
372 2360 466 2430 Sacri
482 2359 635 2453 plaudere
651 2385 747 2452 posse
763 2365 827 2427 via.
955 2440 958 2451 Ι

112 2447 201 2508 Pacis
226 2449 325 2510 Amor
343 2451 434 2512 Deus
457 2466 525 2527 est,
550 2473 661 2540 pacem
684 2469 869 2512 veneramur

253 2541 260 2560 ⁸
477 2538 638 2596 'amantea

151 2612 243 2674 Stant
257 2613 337 2676 mihi
351 2637 420 2678 cum
432 2617 690 2705 dominiproelia
701 2617 868 2680 duramei.

110 2695 187 2760 Non
206 2713 312 2766 tamen
329 2701 434 2763 inviso
450 2717 563 2787 pectus
575 2703 868 2787 mihicarpiturau·

482 2807 541 2862 ro,

148 2863 221 2925 Nec
237 2865 319 2926 bibit
337 2887 355 2927 e
373 2874 493 2954 gemmei
514 2871 614 2932 divite
632 2884 740 2935 nostra
756 2868 846 2930 sitis:

107 2947 180 3013 Nec
199 2949 277 3011 mihi
292 2950 378 3013 mille
387 2955 471 3037 jugis
482 2951 653 3042 Campania
661 2956 789 3043 pinguis
800 2973 867 3015 ara·

390 3067 395 3080 ·
482 3050 552 3100 tur·
872 3047 874 3050 ’

147 3115 220 3182 Neo
245 3119 342 3184 mirer
367 3141 439 3186 aera
462 3083 553 3210 paro,
567 3121 677 3198 riade,
699 3119 866 3195 Connus,

480 3208 545 3268 tuti.
678 3215 698 3242 '⁹
