2300 3726
292 361 352 420 ns
475 355 871 420 saansaan
939 433 943 447 ⁸

454 647 715 710 ELEGIA
757 651 880 712 XXIV.
952 659 959 692 r

288 783 419 876 Tristia
433 818 495 896 jam
515 817 649 878 redeunt
669 817 783 880 iterum
805 813 967 880 'solemnia
989 841 1045 882 no·

663 899 731 960 bis:

329 979 466 1060 Cynthia
483 984 546 1061 jam
565 991 678 1042 noctes
700 997 747 1042 est
766 999 900 1068 operata
920 987 1041 1048 decem.

283 1067 389 1148 Atque
414 1068 533 1125 utinam
561 1065 639 1126 Nilo
658 1080 768 1148 pereat
787 1089 866 1149 quae
887 1091 977 1132 sacra
996 1083 1040 1129 te·
1116 1139 1117 1144 ἵ

684 1163 757 1208 ente
774 1160 777 1170 ‘
857 1167 861 1172 '

310 1232 419 1291 'Misit
439 1233 589 1293 matronis
609 1172 916 1304 Inabhiaubusoniis.

283 1315 374 1398 Quae
391 1317 463 1376 Dea
479 1329 541 1375 tam
557 1315 691 1401 cupidos
702 1315 800 1374 toties
814 1315 1037 1382 diuisitaman-

551 1435 554 1444 ι
660 1412 728 1469 tes,

323 1482 539 1565 Quaecunque
557 1481 611 1540 illa
628 1471 702 1554 tiit,
715 1499 839 1564 semper
848 1503 954 1546 amara
964 1487 1034 1546 tuit.

278 1566 331 1624 Tu
346 1564 433 1626 certe
446 1566 539 1628 Jovis
560 1564 694 1626 occultis
711 1565 744 1622 in
758 1567 942 1642 autoribus,
963 1571 1019 1640 10,-

318 1649 471 1722 Senatui,
490 1649 602 1724 multas
620 1647 696 1732 quid
715 1647 755 1705 sit
771 1649 851 1708 inire
868 1652 956 1729 vias;

278 1731 358 1796 Cbm
374 1745 407 1792 te
428 1733 522 1813 jussit
545 1733 662 1793 habere
680 1725 817 1815 puellam
842 1753 963 1825 cornua
978 1733 1031 1799 Ju-

499 1881 501 1888 ,
652 1834 694 1876 r¹0
707 1851 717 1886 s

266 1947 269 1954 .
315 1902 357 1960 Et
372 1901 499 1984 peco'ris
520 1899 597 1961 duro
615 1896 755 1984 perdere
764 1897 859 1958 verba
880 1917 974 1964 sono.

273 1983 324 2042 Ah
340 1985 466 2066 quoties
490 1985 615 2066 quernis
630 1980 751 2042 laesisti
768 1981 935 2044 frondibus
953 2004 1025 2048 ora:

227 2087 233 2101 “
314 2069 464 2128 Mansisti
484 2066 615 2126 stabulis
634 2065 741 2125 abdita
757 2077 846 2148 pasta
863 2069 938 2130 tuis.

505 2269 508 2278 ,
648 2251 714 2291 ram

310 2317 471 2402 Juppiter,
488 2313 608 2379 idcirco
628 2317 713 2376 facta
729 2315 862 2400 superba
879 2317 950 2378 D'ea
970 2314 1024 2378 es?

263 2399 321 2460 'A'n
338 2401 398 2460 tibi
417 2421 480 2462 non
498 2400 574 2458 satis
591 2412 639 2458 est
657 2400 756 2526 ἕιιερίἓ
776 2395 941 2484 Aegyptus
960 2401 1024 2463 alna

647 2501 727 2541 fflsslfl
743 2527 750 2542 ι

285 2561 288 2566 ’
311 2563 377 2625 Cur
394 2567 453 2626 tibi
471 2579 534 2624 tam
554 2563 649 2650 longit
665 2565 769 2626 Roma
779 2565 887 2708 Xetita
904 2568 985 2630 sia?

268 2648 399 2730 Quidve
422 2648 482 2709 tibi
500 2649 763 2792 P‘⁰d.⁰⁵tf⁷³‘¹9¹¹³⁵
780 2670 782 2674 ’
800 2651 916 2727 nrmire
932 2649 1021 2736 puel.

658 2753 711 2794 as.

281 2851 284 2858 ·
308 2813 372 2873 Sed
381 2814 452 2888 tibi,
469 2814 562 2881 crede
573 2818 663 2892 mibi,
675 2837 792 2880 cornua
802 2837 906 2877 rursus
918 2831 1017 2879 erunt.

265 2896 330 2957 Aut
349 2918 407 2959 nos
426 2917 443 2957 e
462 2903 634 2977 nostrate,
646 2921 760 3045 lsaeua,
777 2899 955 2983 fugabimus
970 2923 1019 3004 ut·

669 3005 686 3046 e
701 3007 709 3045 a

308 3061 387 3125 Cum
407 3065 515 3129 Tiberi
532 3069 611 3132 Nilo
629 3069 728 3155 gratia
743 3065 829 3128 nulla
845 3068 919 3130 fuit.
1013 3103 1021 3110 ·

271 2151 334 2228 An,
353 2154 502 2236 quoniam
519 2163 674 2232 agrestem
685 2149 824 2208 detraxit
835 2149 871 2208 ab
884 2153 1026 2238 orefigu·
1118 2163 1119 2196 t
