2224 3724
166 363 217 385 ‘³
299 363 713 426 ernustus.
800 379 857 445 rm
916 423 1001 446 ,,

93 491 201 554 Salve
226 493 516 575 sauctaqinqusm,
535 508 722 574 semperque
740 490 861 552 intucta

235 622 239 628 ,
480 588 626 647 manetO,

139 658 339 742 Virginitas,
357 677 415 742 per
430 677 481 716 me
498 657 592 742 plens
611 656 742 742 pudoris
763 658 836 718 etis.
869 721 871 728 ¹

96 741 199 824 Quae
220 755 388 827 postquem
413 740 536 825 perlata
559 742 629 802 viro
657 755 728 802 suut
754 741 859 803 omnia

103 853 105 860 ·
482 837 552 883 tuto

141 907 269 990 Meque
286 905 376 966 videt
393 904 504 966 fluctus
527 864 732 990 edsuperdsse
748 927 854 968 meos:

95 991 234 1065 Macte,
249 991 366 1072 inquit,
383 990 519 1068 juvenis,
537 991 660 1074 proprii
680 983 857 1053 dominator
894 1061 897 1066 .

480 1092 616 1147 ausoris,
660 1121 663 1128 ,

141 1157 187 1214 Et
204 1154 243 1213 de
260 1166 422 1216 contemtu
439 1175 525 1216 sume
541 1171 673 1240 tropaea
689 1171 758 1218 tuo.

97 1239 199 1298 Arma
214 1237 272 1296 tibi
290 1237 423 1298 Veneris
436 1232 613 1322 cedantque
624 1237 788 1324 Cupidinis
806 1259 855 1304 sr·
895 1279 897 1287 ι

346 1335 351 1344 ’
432 1353 435 1358 ·
479 1341 534 1382 cus
827 1379 829 1388 ,

144 1401 247 1462 Cedat
266 1417 299 1463 et
315 1405 507 1490 armipotens
523 1361 591 1490 ilisa
610 1407 758 1466 Minerva
779 1406 853 1481 tibi,

99 1485 136 1546 Si
157 1487 216 1551 tibi
232 1486 383 1569 peccandi
401 1487 539 1550 studium
547 1489 698 1572 permissa
711 1503 853 1573 potestas

141 1569 295 1643 Abstulit,
319 1584 412 1653 atque
427 1572 530 1656 ipsum
547 1571 623 1636 talia
638 1571 721 1633 velle
736 1573 831 1654 fugit,
867 1595 873 1614 ⁸

99 1653 235 1736 Ingrati,
253 1655 358 1713 tristes
376 1655 494 1737 puriter
512 1654 708 1717 discessimus
726 1655 831 1736 amhn,

141 1734 380 1798 Dissidiiratio
397 1738 464 1798 vita
480 1737 595 1822 pudica
614 1739 686 1799 fuit.

294 2069 557 2136 ELEGIA
597 2070 655 2132 IV.

102 2200 354 2298 Restst'adhuc
380 2237 462 2298 ulios
488 2251 662 2322 turpesque
682 2235 850 2300 revolvere
902 2293 903 2298 ,

475 2341 585 2396 casus,

142 2403 246 2487 Atque
263 2403 373 2487 eliquo
391 2403 480 2470 molli
495 2421 624 2487 passere
645 2403 741 2466 corda
761 2405 850 2484 joco.

106 2485 304 2548 Conveniunt
333 2489 449 2549 etenim
479 2485 596 2548 delirae
625 2488 738 2574 ignava
760 2507 850 2548 sene·

474 2583 565 2645 etse,

142 2652 287 2796 Aptaque
311 2666 382 2714 sunt
404 2655 494 2740 operi
516 2655 651 2716 cumina
668 2675 748 2716 vans
763 2673 847 2717 meo·
886 2653 891 2670 '

106 2735 154 2797 sic
170 2737 232 2798 vici
254 2759 290 2798 us
308 2737 403 2799 variis
421 2739 549 2799 alternis
574 2737 731 2800 volvimur
747 2739 846 2812 annis,
917 2757 919 2764 ·

142 2821 181 2879 Et
197 2835 317 2882 mutata
338 2821 435 2906 magis
453 2834 596 2905 tempora
613 2836 700 2904 grata
717 2821 806 2884 mihi.

106 2903 198 2989 Virgo
215 2905 290 2980 fuit,
308 2905 429 2989 species
448 2905 537 2966 dedit
551 2907 624 2996 aevi
641 2905 771 2968 candida
787 2922 847 2964 no·

470 3011 542 3048 men

143 3066 290 3146 Candida,
307 3069 443 3135 dirersis
460 3085 507 3135 stt
522 3029 603 3138 be’ne
617 3085 720 3160 comta
734 3069 844 3136 comis.

833 3299 848 3330 t
