2264 3726
290 379 301 412 ἢ

269 501 329 558 su
437 489 909 575 ruornurrr·

208 685 211 697 ,
271 622 299 681 O
317 622 417 704 prima
435 619 550 684 inielix
564 617 694 701 fingenti
712 629 796 676 terta
811 617 1046 681 Prometheo:

310 703 370 762 lile
387 724 497 787 parurn
515 703 600 762 cauti
617 702 756 786 pectoris
776 701 843 784 egit
860 722 978 786 opus:

271 785 415 872 Corpora
440 785 630 870 disponens,
649 798 785 844 mentem
803 803 866 848 nou
890 787 988 846 vidit
1010 787 1044 847 in

648 883 731 941 arte„

310 955 411 1012 Recta
430 954 524 1010 animi
544 953 678 1038 primum
696 951 806 1012 debuit
825 971 896 1011 esse
912 955 989 1014 via.

269 1037 364 1098 Nunc
379 1037 472 1094 maris
490 1037 522 1094 in
541 1049 662 1098 tanturn
680 1047 777 1094 vento
797 1036 962 1116 jactamur
972 1078 983 1110 ,
1010 1051 1043 1098 et

647 1118 772 1182 hostem

314 1204 523 1287 Quaerimus,
547 1215 641 1286 atque
666 1202 757 1261 armis
772 1202 932 1264 nectimus
952 1223 1042 1266 arma

609 1321 613 1334 ·
646 1305 742 1348 nova.
806 1351 809 1358 Α

240 1442 241 1446 ¹
269 1359 366 1430 Haud
383 1369 461 1430 ullas
478 1369 620 1455 portabis
633 1366 914 1512 oXesAcherontis
925 1370 973 1430 ad
982 1395 1042 1432 un-

294 1481 298 1488 ·
671 1473 722 1512 ast

310 1536 424 1597 Nudus
440 1537 477 1597 ab
494 1538 634 1610 inferni,
658 1535 773 1610 stulte,
791 1535 911 1596 vehere
928 1551 1018 1598 rate.

270 1619 384 1686 Victor
401 1642 471 1680 curn
481 1619 917 1704 victisparite1·miscebimur
926 1621 1037 1683 Indis.

225 1741 227 1748 ·
313 1703 455 1765 Consule
479 1725 552 1764 curn
578 1704 710 1776 Mario,
738 1717 830 1788 capte
854 1703 1037 1788 iugurtha,

357 1791 360 1798 ’
650 1785 752 1846 sedes.

211 1909 215 1916 ·
271 1871 541 1951 LydusDulichio
559 1891 623 1943 uon
638 1871 735 1930 distat
751 1867 889 1930 Croesus
907 1869 947 1928 ab
967 1870 1037 1934 Iro-

287 2003 291 2010 .
314 1954 442 2040 Optima
461 1977 558 2030 mors,
574 1959 670 2040 parcit
686 1969 766 2036 quae
777 1954 866 2014 venit
877 1967 956 2038 apta
967 1955 1037 2016 die.

273 2039 332 2099 Me
354 2041 445 2118 juvat
468 2043 501 2099 in
526 2039 627 2124 prima
648 2037 782 2099 coluisse
802 2036 962 2098 Helicona
984 2033 1037 2118 ju-

650 2125 765 2194 Venta,

312 2207 540 2290 Musarumque
566 2203 672 2266 choris
695 2203 888 2290 implicuisse
908 2225 1034 2268 marrus.

272 2291 332 2350 Me
348 2293 438 2370 jurat
456 2304 488 2350 et
507 2287 606 2350 multo
622 2301 759 2349 mentem
774 2289 895 2351 uincire
907 2289 1035 2368 Lyaeo,

313 2375 355 2434 Et
373 2393 406 2432 ca
433 2373 516 2433 utin
533 2375 629 2432 verni
647 2393 771 2457 semper
788 2371 906 2434 habere
924 2376 1013 2436 rosit.

273 2456 379 2541 Atque
399 2397 451 2517 uiri
465 2457 528 2534 jam
538 2454 694 2517 Veuerem
705 2456 808 2539 gravis
824 2456 1036 2541 interceperit

650 2554 756 2615 aetas,
876 2539 885 2564 '

313 2621 472 2706 Sparserit
489 2635 521 2682 et
538 2623 643 2706 nigras
666 2621 735 2683 alba
759 2635 886 2682 senecta
904 2643 1033 2686 comas:

277 2706 358 2764 Tum
366 2705 444 2765 mihi
454 2705 596 2766 Naturae
606 2707 705 2768 libeat
715 2707 894 2796 perdiscere
906 2727 1011 2768 mores
1022 2731 1033 2782 ς

315 2787 396 2872 Quis
423 2791 513 2849 Deus
541 2789 621 2852 hanc
648 2791 757 2851 mundi
782 2790 940 2876 temperet
965 2803 1033 2851 arte

653 2875 798 2936 domum:

276 2955 347 3040 Qui
362 2955 451 3018 venit
467 2959 628 3033 exoriens,
649 2961 710 3042 qui
721 2956 827 3038 deficit
833 2977 844 3034 3
862 2957 946 3022 unde
958 2977 1034 3019 coa·

647 3045 711 3103 'ctis

318 3081 324 3108 i

318 3121 475 3188 Cornibus
497 3125 528 3188 in
550 3127 685 3268 ΡῖειιωὲιΙ
703 3140 859 3188 menstrua
877 3127 965 3222 Luna
984 3145 1032 3186 re-

636 3244 640 3254 ·
653 3228 655 3238 ’
668 3223 721 3276 rt:
