2336 3732
264 371 321 456 16o
493 387 788 454 ninutas

265 517 345 599 Quis
362 517 451 576 furor
468 527 516 574 est
532 527 629 576 atram
644 514 736 576 bellis
754 535 912 578 arcessere
929 533 1015 580 mor·
1075 558 1080 562 -

636 597 727 658 tem?
959 602 967 609 ”

302 680 461 754 Imminet,
480 693 513 740 et
527 679 625 739 tacito
646 675 725 762 clam
742 681 835 742 venit
846 680 1014 764 illaspede.

261 761 339 825 Non
355 782 444 866 sepes
463 775 511 822 est
530 755 627 836 infra,
645 781 710 831 non
727 763 919 844 vinea'culta
928 786 940 841 3
957 763 1015 824 sed

635 845 743 906 audax

246 970 250 976 -
303 926 473 1001 Cerberus,
489 940 522 1011 et
532 925 662 1008 Stygiae
672 929 780 988 navita
789 931 890 1014 turpis
902 949 1014 1012 aquae.

260 1009 332 1071 Illic
349 1011 516 1092 exosisque
534 1011 622 1092 genis
639 1024 775 1093 ustoque
792 1031 827 1070 ca
852 1011 910 1072 illo

301 1095 393 1154 Errat
412 1091 452 1152 ad
470 1092 621 1153 obscuros
642 1092 762 1176 pallida
779 1035 869 1154 turla
885 1093 984 1154 lacus.

260 1176 480 1261 Qndmpotiiis
495 1173 667 1234 laudandus
684 1175 807 1252 hicest,
819 1197 912 1260 quem
921 1175 1014 1262 prole

287 1276 296 1290 ‘-
634 1260 745 1353 parati
812 1343 816 1349 Ι

303 1340 447 1425 Occupat
463 1340 496 1398 in
511 1339 609 1421 parva
622 1361 714 1424 pigra
730 1353 857 1402 senecta
870 1341 953 1402 cassi.

175 1465 177 1470 -
261 1423 335 1510 Ipse
355 1444 425 1482 suas
443 1436 579 1482 sectatur
596 1441 694 1496 oves,
717 1423 848 1489 attilius
866 1429 991 1509 agnost⁴
1011 1437 1016 1442 “

303 1509 345 1566 Et
361 1503 495 1566 calidam
509 1505 596 1566 fesso
614 1503 876 1590 comparat‘uxor
891 1527 1015 1590 aquam.

263 1588 316 1649 Sic
336 1607 396 1672 ego
421 1588 500 1662 sim,
525 1586 684 1670 liceatque
710 1597 804 1674 c'aput
826 1589 1021 1650 candescere

638 1671 744 1746 canis,-

305 1753 472 1837 Temporis
494 1765 525 1814 et
542 1752 639 1837 prisci
661 1755 744 1814 facta
761 1757 879 1814 referre
898 1773 1015 1814 senem.

261 1835 389 1898 Interea
411 1836 477 1898 Pax
501 1854 577 1898 arva
601 1833 695 1898 colat.
718 1837 783 1898 Pax
802 1837 933 1899 candida
948 1837 1014 1922 pri·

638 1924 723 1980 mum
998 1933 1002 1939 '

205 1997 211 2012 “
302 2003 409 2064 Duxit
430 2016 571 2064 araturos
581 2003 644 2080 ,sub
658 2005 733 2088 juga
752 2022 846 2063 curva
860 2001 973 2064 bovesss
1067 2055 1074 2059 .
1147 1997 1148 2010 ¹

261 2085 327 2146 Pax
345 2085 423 2158 aluit
440 2087 543 2159 vites,
561 2098 594 2144 et
613 2104 724 2146 succos
740 2083 884 2145 condidit
899 2105 994 2158 uvae,

303 2168 461 2228 Funderet
477 2181 513 2226 ut
527 2179 603 2227 nato
621 2180 703 2227 testa
716 2180 848 2252 paterna
864 2187 995 2238 merum.

259 2250 339 2310 Pace
349 2247 460 2310 bidens
468 2269 641 2329 vomerque
652 2250 778 2332 vigent:
791 2265 822 2310 at
831 2251 935 2310 tristia
945 2249 1014 2310 duri

302 2331 422 2392 Militis
442 2333 475 2390 in
493 2331 631 2390 tenebris
650 2346 786 2417 occupat
802 2352 886 2392 arma
904 2333 995 2394 situs.

260 2415 410 2474 Rusticus
437 2433 456 2473 e
479 2412 617 2496 lucoque
638 2413 730 2476 vehit
747 2455 762 2490 s
786 2413 868 2476 male
890 2413 1014 2476 sobrius

595 2519 599 2528 ·
636 2518 726 2571 sse,

300 2579 443 2651 Uxorem
461 2577 605 2662 plaustro
616 2519 865 2664 prldgeniemque
876 2579 1014 2640 domum.

195 2653 198 2664 '
260 2661 324 2722 Sed
343 2661 475 2722 Veneris
498 2674 572 2723 tunc
593 2660 677 2734 bella
693 2662 817 2738 calent3
839 2657 1015 2746 scissosque

341 2741 348 2749 '
638 2745 771 2831 capillos

299 2827 429 2888 Femina
445 2829 619 2914 perfractas
638 2829 907 2914 conqueriturque
914 2829 1013 2888 fores.

258 2910 330 2972 Flet
352 2925 475 2972 teneras
502 2910 631 2972 subtusa
650 2932 744 2996 genas
755 2933 766 2989 3
789 2911 847 2971 sed
864 2912 968 2972 victor
984 2923 1016 2968 et
1147 2937 1148 2996 3

262 3003 274 3028 ‘
554 2995 557 3004 '
638 2994 707 3056 ise
1069 2997 1078 3010 '
1147 3039 1148 3042 η

298 3078 390 3154 Flet,
408 3077 469 3141 sibi
488 3017 882 3144 dementesptan‘valuisse
895 3095 1015 3138 manns.
1053 3111 1056 3118 ·
1147 3111 1148 3122 κ
