2236 3724
292 471 604 536 trunam:
729 473 831 550 issa

69 602 183 667 Solve
200 613 287 662 metu
305 602 448 686 patriam,
466 618 546 682 quae
561 615 643 658 nunc
659 607 692 656 te
709 593 836 656 vindice

362 732 365 745 .
405 735 409 748 „
450 684 543 757 freta,

117 769 282 852 Imposuit
296 785 410 852 prorae
428 764 556 850 publica
574 776 651 834 vota
668 775 752 822 tuae.

74 851 186 933 Quam
215 853 275 911 uisi
303 849 471 921 defendes,
498 867 657 908 murorum
681 842 836 905 Romulus

54 944 56 948 '
458 945 555 1014 augur
696 945 700 952 ’
737 941 739 952 “

115 1018 172 1078 Ire
188 1017 344 1076 Palatinas
365 1035 429 1075 non
446 1015 525 1074 bene
544 1013 626 1074 vidit
644 1032 729 1072 aves.
817 1026 819 1034 ·

66 1101 267 1162 Et·niuriirm
284 1100 378 1162 remis
398 1097 532 1171 audent,
549 1097 632 1204 proh
650 1109 754 1179 turpe,
773 1086 833 1154 Lass

454 1182 546 1253 trnis,
797 1173 804 1193 ⁸

50 1316 56 1332 ,
113 1265 261 1348 Principe
279 1277 330 1336 te,
352 1262 463 1322 fluctus
479 1264 566 1348 regia
583 1260 654 1322 vela
668 1261 748 1345 pati.

70 1347 149 1407 Nec
167 1361 212 1420 te,
233 1345 319 1430 quod
337 1345 442 1406 classis
460 1347 600 1404 centenis
618 1347 749 1430 remigat
761 1344 830 1419 alis,
893 1341 898 1359 ⁸

18 1456 20 1465 Α
114 1432 267 1506 Terreat;
290 1429 393 1488 invito
414 1427 530 1488 labitur
550 1427 605 1488 illa
625 1430 723 1488 mari:

73 1511 240 1598 Quodque
267 1511 388 1573 vehunt
418 1531 532 1596 prorae
557 1511 731 1573 Centauros
756 1531 832 1572 saxa

454 1597 608 1654 minantes
617 1616 628 1670 3

119 1680 221 1764 Tigna
243 1697 338 1752 cava,
360 1689 391 1738 et
411 1678 516 1762 pictos
534 1677 699 1762 experiere
715 1692 830 1749 metus.
903 1689 916 1716 t

77 1764 219 1847 Frangit,
244 1775 275 1822 et
296 1759 415 1822 attollit
432 1761 517 1820 vires
534 1761 568 1818 in
583 1759 683 1818 milite
698 1781 811 1822 causat

120 1846 211 1927 Quae
230 1845 290 1906 nisi
308 1845 392 1923 justa
408 1843 527 1986 subdest‚
546 1844 667 1904 excutit
682 1836 833 1927 armtipu·

477 1946 524 1986 or.
635 1975 638 1982 .
721 1951 726 1958 ·

83 2012 221 2094 Tempus
239 2009 347 2072 adest:
370 2009 531 2071 committe
549 2021 652 2068 rates:
676 2023 737 2090 ego
755 2021 835 2068 tem-

453 2093 542 2176 poris
560 2103 671 2152 auctor
784 2169 789 2176 Ι

123 2177 246 2236 Ducam
268 2175 425 2260 laurigeri
439 2174 525 2239 Julia
541 2189 644 2236 rostra
660 2195 764 2234 manu.

82 2261 231 2332 Dixerat,
253 2273 285 2319 et
302 2258 609 2344 pharetraepondus
626 2259 783 2320 consumit
799 2257 833 2316 in

455 2362 561 2404 arcus:

36 2500 39 2508 Ι
122 2425 267 2490 Proxima
284 2439 358 2512 post
376 2445 463 2486 arcus
482 2424 625 2485 Caesaris
639 2423 728 2483 hasta
742 2424 833 2483 furit.

87 2507 191 2582 Vincit
206 2510 308 2577 Roma
323 2509 535 2586 fidethoebi,
554 2508 607 2568 dat
622 2509 739 2568 femina
754 2526 835 2591 poe·

452 2612 528 2652 nar-t

124 2674 251 2758 Sceptra
268 2673 832 2760 perIoniaefractovehunturaqnas.
920 2689 923 2704 ¹

88 2757 126 2817 At
144 2771 232 2839 pater
251 2756 352 2819 idalio
370 2760 501 2820 miratus
518 2755 633 2818 Caesar
650 2757 687 2818 ab
707 2771 812 2828 astro,

126 2839 196 2900 Sum
218 2841 327 2920 Deus;
352 2863 391 2902 en
414 2843 516 2984 nogtri
539 2841 697 2926 sanguinis
716 2841 776 2900 ista
795 2838 831 2898 fi-

478 2945 523 2985 es.

94 3005 288 3090 Prosequitur
304 3021 397 3070 cantu
412 3009 539 3110 Tpiton‚
556 3027 727 3092 omnesque
742 3007 832 3068 mari·

131 3143 135 3163 ,
453 3113 511 3152 nae
578 3147 581 3152 .

39 3205 44 3212 ·
126 3153 304 3240 Piauserunt
321 3176 400 3238 ciica
420 3175 519 3238 libera
539 3177 626 3259 signa
645 3182 748 3240 Deae.
