2288 3722
360 325 607 396 ,alanta
667 363 670 374 ·
835 341 875 406 29

387 557 388 564 χ
422 493 575 557 XXXVI.

246 619 297 680 IN
330 615 533 680 ANNALES
564 617 754 680 VOLUSII.

122 753 279 852 Annales
300 783 435 858 Volusi,
460 799 567 848 cacata
588 785 721 860 charta,

124 873 245 936 Votum
268 867 387 932 solvite
408 888 468 954 pro
488 873 558 953 mei
578 869 703 954 puelli:

123 957 207 1017 Nam
229 969 354 1016 sanctae
376 951 515 1025 Veneri,
540 951 754 1038 Cupidinique

125 1039 249 1114 Vovit,
273 1038 300 1096 si
322 1037 383 1098 sibi
401 1035 569 1098 restitutus
588 1057 709 1110 casem,

124 1121 354 1202 Desissemque
376 1113 482 1182 truces
502 1119 628 1182 albrare
646 1121 789 1200 jambos,
826 1168 830 1176 .

122 1203 325 1265 Electissima
346 1203 476 1288 pessimi
499 1217 618 1288 poetae
746 1265 748 1277 ,

125 1287 251 1429 Scrtha
275 1285 530 1370 tardipediDeo
553 1287 694 1348 daturam

125 1371 199 1430 Iule
212 1369 314 1430 icibus
337 1367 502 1430 ustulanda
522 1369 628 1455 liguis.

124 1453 168 1514 Et
188 1453 268 1515 baec
313 1453 425 1513 essima
446 1471 481 1512 ae
501 1453 607 1537 puella
626 1452 709 1514 vidit

101 1577 103 1586 ·
124 1537 206 1600 Joco
228 1551 262 1595 se
283 1475 391 1620 lbpida
412 1555 532 1598 vovere
554 1537 662 1598 Divis.

125 1619 242 1693 Nunc,
266 1637 286 1678 ο
308 1616 454 1680 caeruleo
477 1632 583 1680 creata
603 1631 726 1704 ponto,

130 1703 221 1784 Quae
244 1715 385 1762 sanctum
400 1701 547 1778 Idalium,
567 1702 727 1786 Uriosque
741 1716 882 1785 apertos,
956 1727 958 1732 ¹

130 1785 288 1868 Quaeque
297 1783 440 1859 Ancona,
454 1782 651 1868 Cnidumque
667 1785 886 1848 arundiuomm

128 1866 240 1945 Colis,
259 1887 403 1953 quaeque
418 1869 630 1942 Amathunta,
648 1886 793 1953 quaeque
808 1867 884 1930 Gol-

526 1973 584 2027 os,

130 2033 288 2116 Quaeque
306 1973 653 2096 DurrachiumgAdriae
670 2033 848 2095 tabernam:
878 2042 883 2054 “
912 2053 942 2112 ‚¹

128 2118 306 2202 Acceptum
324 2115 412 2190 face,
429 2116 652 2202 redditumque
665 2129 796 2191 votum,

131 2197 167 2258 si
181 2219 246 2259 non
261 2197 446 2284 illepidum,
463 2221 566 2283 neque
586 2205 786 2261 invenustum
806 2215 864 2262 eat.

131 2280 175 2342 At
191 2302 250 2344 vos
269 2283 391 2341 interea
407 2283 516 2342 venite
533 2285 565 2343 in
585 2286 711 2368 ignem,

131 2363 220 2425 Pleni
237 2365 317 2426 naris
337 2377 369 2422 et
387 2365 615 2440 inficetiatrum,

133 2446 269 2508 Amalec
283 2446 421 2523 Volusi,
442 2463 549 2510 cacata
566 2450 683 2512 charta.

424 2655 595 2718 XXXVII.
738 2706 739 2711 ,

262 2775 325 2838 AD
370 2777 762 2845 CONTUBERNALES.

134 2905 240 3004 Salax
258 2943 407 3018 taberna,
424 2953 546 3028 v'osque
563 2949 823 3023 contubernales,

137 3022 166 3084 A
186 3025 314 3112 pileatis
332 3049 414 3092 nona
433 3031 580 3094 fratribus
596 3033 682 3118 pila,
