2264 3726
288 347 499 454 ernon
540 391 608 454 111.
717 377 719 382 '
766 393 830 472 349

130 475 132 480 '
285 556 289 564 Ι
590 525 599 528 ,
852 485 859 524 ι

266 689 531 751 ELEGI'A
572 687 632 748 XI.

49 826 274 945 Quaeritis,
298 857 381 920 unde
409 857 511 919 avidis
536 877 604 918 nox
628 859 669 918 sit
687 858 831 944 pretiosa

451 941 590 1026 puellis,
680 941 684 945 “

111 1031 154 1089 Et
178 1027 304 1089 Venere
329 1023 504 1086 exhaustae
521 1023 640 1154 „lgm”
663 1039 833 1111 querantur
886 1073 889 1090 .

455 1128 556 1180 pes.

70 1193 169 1280 Certa
187 1191 317 1275 quidem
332 1191 429 1252 tantis
440 1133 532 1252 caira
543 1194 753 1256 etmanifesta
768 1193 834 1254 rui·

454 1295 520 1336 ms:

118 1351 280 1418 Luxuriae
296 1355 707 1420 nimiomlibera‘fauavia
724 1373 783 1421 est.
856 1343 859 1359 ¹

73 1441 155 1502 Inda
180 1439 264 1501 cavis
291 1459 399 1501 aurum
412 1429 524 1500 ‘mittit'
536 1443 668 1502 formica
685 1442 834 1516 metallis,

117 1527 160 1584 Et
179 1523 268 1585 venit
285 1543 303 1584 e
321 1523 417 1585 rubro
436 1523 558 1585 concha
574 1527 710 1606 Erycina
726 1525 814 1586 salo:

76 1609 119 1668 Et
134 1611 237 1688 Tyrus
256 1609 394 1668 ostrinos
431 1607 540 1668 raebet
550 1606 687 1669 Cadmea
698 1609 835 1682 colores,

120 1691 298 1754 Cinnamon
315 1705 346 1752 et
364 1631 454 1751 multi
471 1705 582 1775 partor
601 1691 710 1753 odoris
724 1692 837 1752 Arabs.
880 1746 881 1750 ,

78 1776 168 1839 Haec
185 1777 281 1838 etiam
294 1776 418 1852 plausae
437 1787 626 1859 expugnant·
642 1795 726 1836 arma
739 1776 837 1861 ¹pudi-

460 1879 533 1933 cas,
844 1905 850 1912 .

122 1943 277 2026 Quaeque
295 1939 540 2014 teruntianos,
559 1941 712 2014 Icarioti,
732 1954 818 2002 tuos.

82 2025 232 2086 Matrona
251 2023 371 2086 incedit
389 2045 500 2085 census
517 2018 627 2086 induta
645 2036 819 2106 nepotum,

123 2111 164 2169 Et
180 2108 284 2193 spolio
300 2108 466 2194 opprobrii
483 2121 720 2192 nostraperoro
731 2105 840 2166 trahit.

83 2191 179 2252 Nulla
206 2206 254 2251 est
271 2190 445 2276 poscendi,
465 2191 551 2252 nulla
582 2205 630 2251 est
662 2191 842 2252 reverentia

465 2273 580 2336 dandi:

125 2359 201 2431 Aut,
221 2358 247 2418 si
265 2379 325 2442 qua
342 2372 402 2432 est,
415 2361 522 2446 pretio
535 2357 661 2420 tollitur
673 2359 842 2419 istamora.
905 2415 916 2434 ,

89 2441 273 2522 ΙΡεΙίκΕοὶο
290 2442 344 2503 lex
360 2445 480 2504 funeris
499 2465 561 2504 una
578 2443 719 2514 maritis,

130 2526 219 2608 Quos
238 2525 364 2596 Aurora
383 2529 447 2586 suis
461 2517 556 2588 rubra
572 2526 697 2587 colorat
715 2527 818 2609 equis.

89 2607 233 2692 Namque
250 2607 306 2668 ubi
322 2611 491 2672 mortifero
505 2613 589 2690 jacta
605 2623 657 2670 est
668 2613 725 2669 fax
734 2609 845 2670 ultima

466 2693 551 2756 lecto
563 2735 576 2775 ‚y
929 2703 932 2706 '

133 2775 277 2837 Uxorum
296 2777 376 2836 fusis
399 2789 461 2836 stat
477 2779 532 2861 pia
550 2777 641 2838 turba
658 2778 777 2853 comis3

96 2859 135 2920 Et
151 2873 309 2921 certamen
327 2859 446 2922 habent
456 2859 527 2936 leti,
546 2882 625 2946 quae
643 2863 717 2922 viva
734 2879 846 2944 sequa-

244 2958 270 2974 ““
472 2957 523 3005 tur
779 2953 783 2961 '

120 3023 354 3112 ·Coojugium:
386 3027 490 3114 pudor
518 3042 593 3104 est,
629 3049 694 3090 non
721 3025 848 3086 licuisse

470 3131 563 3173 mori.
623 3126 627 3136 ’
