2288 3722
942 277 944 302 i

224 319 227 326 ¹
276 343 316 393 20
502 323 578 386 CA
599 325 627 384 T
649 323 678 384 U
701 324 727 384 L
749 323 813 384 LI
906 404 912 411 ·

278 440 390 536 Aec'lue
408 463 455 512 est
470 451 601 524 beatui,
619 441 654 510 ac¹
669 456 785 532 poema
800 450 869 510 crim
885 449 1018 514 scribit:

281 539 357 596 Tam
376 533 493 618 gaudet
508 535 541 594 in
557 553 603 606 ee,
621 546 748 614 tamque
763 551 797 592 ne
813 531 881 614 ipse
891 535 1043 597 miretur.

231 623 233 632 '
279 615 538 680 Nimirum‘idem
555 636 664 680 omnes
682 613 821 676 fallimur
830 636 841 690 3
862 637 970 700 neque
989 633 1044 680 est

426 713 429 720 ’
655 699 830 782 quisquam.

282 784 386 866 Quem
401 801 466 844 uon
482 782 515 842 iu
533 781 639 864 aliqui
655 802 690 842 re
707 781 817 842 videre
834 781 998 844 Suffenum

282 867 402 926 Po'ssis.
423 866 504 928 Suus
522 867 662 948 quoique
681 865 852 924 attributus
869 879 917 925 eet
935 887 1044 928 error:

284 944 348 1010 Sed
365 970 434 1024 non
446 949 590 1012 ridemur
608 951 764 1008 manticae
781 948 867 1032 quoti
890 949 924 1010 iu
943 963 1043 1034 tergo

543 1063 545 1066 ·
637 1058 640 1066 ·
658 1043 718 1091 eet.

477 1189 496 1236 ³
543 1303 547 1311 ,
598 1237 724 1298 xxm.

487 1363 558 1424 no
600 1352 830 1423 rourum.

282 1501 389 1603 Furi,
407 1529 484 1612 quoi
501 1549 605 1614 neque
623 1548 731 1589 servus
750 1524 818 1602 est,'
835 1547 937 1612 neque
954 1548 1040 1606 arca,

269 1613 352 1674 ¹Nec
368 1611 493 1685 cimex,
510 1631 614 1694 neque
631 1631 779 1684 araneus,
795 1631 898 1694 neque
914 1613 996 1694 ignis
1005 1635 1016 1688 5

282 1697 403 1756 Verum
421 1707 469 1753 est
491 1709 523 1753 et
540 1707 653 1778 pater,
676 1705 708 1752 et
726 1713 883 1768 noverca,
903 1715 1042 1776 quorum

284 1781 408 1842 Dentes
423 1775 475 1836 vel
492 1775 614 1856 silicem
630 1781 771 1836 comesse
786 1785 937 1860 possunt:

285 1862 350 1924 Ent‘
359 1855 490 1942 pulchre
507 1857 566 1931 tibi
585 1876 655 1917 cum
671 1873 727 1918 tuo
744 1871 896 1944 parente,

284 1945 327 2004 Et
344 1963 414 2002 cum
430 1943 564 2024 conjuge
578 1940 684 2026 lignei
698 1943 849 2026 parentis.
950 1955 953 1963 ’

191 2064 193 2074 ·
285 2025 358 2086 Nec
373 2026 503 2087 mirum:
525 2025 606 2086 bene
623 2045 694 2085 narn
712 2024 824 2086 valetis
841 2045 972 2100 omncs,
1000 2073 1005 2078 .

285 2108 418 2170 Pulchre
433 2111 659 2193 concoquitis,
680 2107 759 2167 nihil
778 2109 917 2168 timetis:

286 2191 364 2252 Non
381 2191 545 2272 incendia,
568 2212 633 2252 non
651 2211 761 2274 graves
778 2192 904 2265 ruinas,

287 2275 364 2336 Non
381 2273 465 2332 facta
480 2275 597 2370 impia,
616 2295 680 2334 nou
697 2273 790 2334 dbloe
804 2275 940 2348 veneni,

184 2391 190 2404 x
287 2355 364 2416 Non
386 2371 474 2414 casus
493 2355 572 2416 ahos
586 2355 809 2442 periculorum.

287 2437 387 2520 Atqui
405 2456 540 2522 corpora
557 2441 690 2500 sicciora
709 2461 826 2514 cornu,

288 2521 375 2596 Aut,
393 2523 419 2578 si
439 2521 514 2604 quid
532 2527 632 2608 magis
650 2523 769 2584 aridum
788 2538 854 2599 est,
869 2522 1013 2602 habetis,

289 2603 384 2677 Sole,
406 2617 438 2664 et
456 2606 596 2689 frigore,
617 2621 649 2666 et
667 2609 853 2668 esuritione.

291 2688 400 2768 Quare
414 2701 479 2748 'non
495 2689 555 2748 tibi
572 2691 612 2750 sit
629 2690 709 2749 bene
727 2711 762 2750 ac
778 2687 901 2750 beate?

284 2773 370 2848 'Ate
387 2769 483 2830 nudor
498 2773 604 2849 abest,
624 2774 711 2832 abest
729 2773 847 2849 saliva,

290 2853 493 2935 Mucurque,
517 2871 549 2915 et
564 2857 644 2918 mala
661 2859 779 2942 pituita
796 2859 875 2919 nasi.

290 2935 382 2996 Hanc
400 2936 437 2995 ad
461 2939 646 3000 munditiem
664 2940 975 3018 attenuationem,

103 3024 109 3046 '
176 3101 178 3110 Ι
247 3025 273 3069 1⁴
293 3019 391 3103 Quod
407 3019 495 3081 culus
512 3023 572 3107 tibi
587 3027 699 3109 purior
717 3024 821 3086 salillo
839 3039 908 3099 est,
1004 3069 1005 3076 κ
