2264 3726
261 464 325 544 504
446 445 841 522 ruormts'r'rr

252 591 303 650 'Et
320 588 373 674 qui
387 587 532 650 movistis
552 585 615 649 duo
633 586 742 662 litora,
764 592 832 648 cum
849 567 938 650 rudis
957 589 1028 651 Ar.

639 692 695 754 glis

180 769 198 821 ,¹
300 755 379 814 Dux
396 767 463 814 erat
479 754 591 838 ignoto
610 755 703 814 missa
720 738 865 814 columba
882 758 979 817 mari.
1020 765 1029 812 ἵ

199 876 206 880 -
260 837 320 898 Illa
338 837 425 897 meis
451 841 659 978 mmmm?
675 857 804 930 usquam
825 839 908 898 desit
928 839 1025 902 ocel-

650 941 675 978 rs
992 945 998 950 ·

300 1001 451 1062 Incendat
467 1020 579 1064 navem
596 961 744 1089 Juppiter
758 1005 828 1088 ipse
846 1003 936 1066 lieet.

261 1085 356 1146 Certe
375 1086 487 1146 iisdem
504 1085 580 1145 nudi
597 1087 716 1170 pariter
732 1086 920 1168 jactabimur
938 1092 1022 1151 oris.

299 1170 358 1229 Me
377 1168 452 1228 licet
469 1168 552 1254 unda
572 1170 673 1245 ferat,
695 1183 726 1230 te
745 1169 841 1232 modd
861 1185 946 1231 terra
964 1187 1019 1233 te-

401 1276 404 1285 ’
522 1278 527 1287 “
602 1261 698 1336 ηὸπ·
806 1325 807 1328 ,

258 1335 321 1396 Sed
337 1355 401 1396 non
415 1334 582 1420 Neptunus
599 1350 688 1398 tanto
705 1336 839 1398 crudelis
856 1340 981 1414 amori,

298 1419 467 1502 Neptunus
483 1419 572 1477 fratri
590 1440 647 1500 par
667 1421 699 1478 in
718 1441 825 1480 amore
841 1421 931 1482 Jovi.

257 1504 362 1562 Testis
374 1503 561 1580 Amymone,
578 1501 689 1599 latices
707 1507 776 1562 cirm
794 1505 895 1603 ferret
910 1505 947 1563 in
962 1516 1017 1566 ttr-

635 1607 683 1646 vis

240 1645 244 1652 ’
261 1697 267 1708 ·
294 1666 498 1754 Compressu,
518 1682 550 1727 et
567 1669 687 1808 Lerrlrae
696 1627 793 1754 ’pulsa
803 1668 943 1729 tridente
957 1691 1017 1758 pa.

647 1771 704 1813 us..

253 1815 324 1898 Jmi
345 1835 437 1921 Deus
459 1833 608 1919 amplexu
631 1847 743 1976 ditum
769 1833 952 1918 persolvit:
978 1850 1014 1896 at

631 1941 642 1975 1
667 1939 678 1975 r

294 1999 399 2062 Aurea
416 2000 538 2063 divinas
555 2021 638 2061 utne
647 1991 794 2084 profudit
805 2021 918 2084 equas.
982 2041 990 2045 -

256 2083 425 2146 Crudelem
442 2097 475 2145 et
489 2086 623 2146 Boream
631 2097 730 2223 brepta
748 2083 894 2164 Orithyia
911 2105 1009 2169 nega-

588 2201 592 2210 ,
631 2181 632 2184 ’
653 2180 690 2224 rt.

177 2278 182 2298 r
207 2301 219 2314 ,
293 2252 356 2310 Hic
372 2253 462 2311 Deus
480 2263 512 2309 et
526 2263 624 2308 terras
644 2261 676 2308 et
692 2247 868 2310 muria'alta
885 2251 1005 2312 domat.

253 2331 357 2394 Crede
375 2332 466 2420 mihi,
485 2331 576 2392 nobis
593 2333 738 2392 mitescet
750 2333 865 2414 Scylla,
883 2321 942 2393 ned
951 2358 1013 2396 un.

228 2491 229 2496 Ἰ
631 2435 722 2498 quam

291 2499 438 2559 Alternas
453 2509 597 2558 removet
613 2512 701 2558 vasta
713 2497 888 2578 Charybdis
898 2520 1005 2583 aquas.

250 2581 387 2666 Ipsaque
408 2581 511 2643 sidera
530 2580 736 2722 eruntbnullis
762 2581 895 2643 obscura
918 2596 1006 2644 tene-

649 2687 730 2725 ns:r

195 2751 200 2758 '
290 2746 388 2828 Purus
405 2761 437 2805 et
453 2745 575 2822 Orion,
592 2753 688 2832 purus
707 2761 739 2807 et
758 2748 890 2808 Hoedus
908 2749 981 2810 erit.

251 2823 348 2914 Qudd
362 2829 440 2887 mihi
457 2831 483 2888 si
498 2831 645 2913 ponenda
656 2844 712 2891 tuo
724 2832 765 2890 sit
776 2851 911 2915 corpore
922 2833 1002 2908 vita,

215 2913 220 2920 ’
290 2913 405 2972 Exitus
425 2911 478 2971 hic
494 2913 586 2974 nobis
606 2935 670 2974 non
688 2915 874 2992 inhonestus
893 2916 966 2978 erit.

179 3041 181 3054 .
249 2997 291 3057 At
310 3016 379 3068 ¹vos
403 2997 574 3072 insertam,
603 2997 774 3072 mortales,
798 2998 918 3058 funeris
945 2997 1004 3062 ho-

187 3121 191 3138 .
360 3095 380 3147 .'
626 3102 692 3141 ram
902 3147 904 3156 ,

182 3204 185 3212 =
292 3165 471 3260 Quaeritis,
492 3179 524 3227 et
543 3167 603 3250 qui
618 3165 655 3226 fit
668 3183 753 3226 mors
772 3161 894 3226 aditura
909 3165 982 3228 vii:
