2346 3732
366 377 677 442 LIBERIV.
840 389 915 438 201.
963 464 966 476 1

140 511 223 572 Non
245 506 340 588 Pylos
367 519 420 566 aut
443 504 555 564 Ithace
571 516 677 564 tantos
696 499 842 586 genuisse
858 504 908 564 fe·

498 599 502 616 ⁶
526 597 637 648 runtu'r

146 675 311 748 Nestora,
337 670 390 733 vel
412 689 530 756 parvae
546 690 693 753 magnum
711 668 805 732 decus
822 669 907 730 urbis

529 753 668 829 Ulixen3

148 841 280 904 Vixerit
299 837 355 898 ille
373 857 472 898 reuex
488 836 644 920 quamvis,
663 835 736 896 dum
752 849 841 898 terna
849 845 911 923 per'

431 981 434 986 ,
529 919 639 980 orbem

148 1006 266 1068 Secula
284 1002 444 1064 fertilibus
464 1004 559 1064 Titan
578 1002 752 1075 decurrerit
769 1001 877 1064 horis:

146 1091 209 1150 Ille
227 1089 428 1174 perignotae
446 1086 551 1146 audax
568 1088 720 1147 erraverit
735 1087 847 1161 urbes,
903 1085 907 1102 '

152 1174 226 1256 Qua
246 1172 340 1270 maris
363 1170 513 1230 extremis
529 1167 625 1310 ttlellus
648 1167 827 1272 elxcluditur
851 1191 910 1229 urr-

551 1271 589 1310 rr.

148 1337 237 1399 Nam
258 1331 476 1419 Ciconumque
502 1354 611 1394 manus
631 1333 771 1395 adversis
789 1333 909 1420 repulit

199 1455 202 1466 ι
534 1437 626 1478 armas
636 1440 647 1496 3

151 1501 225 1569 Nec
241 1499 341 1564 valuit
359 1503 461 1561 Lotos
478 1514 612 1584 coeptor
632 1514 775 1561 avertere
789 1520 909 1562 cursua-

111 1617 125 1626 -
151 1583 259 1646 Cessit
284 1598 316 1644 et
340 1583 502 1644 Aetnaeae
529 1583 712 1670 Neptunius
734 1583 839 1644 incola
856 1605 920 1643 ru·-

554 1688 602 1740 ¹⁸r
773 1707 777 1744 t

152 1752 247 1811 Victa
266 1749 427 1811 Maroneo
446 1690 595 1810 foedius
611 1748 727 1810 lumina
742 1749 881 1811 Baccho.

152 1835 255 1898 Vexit
273 1832 448 1894 etAeolior
465 1831 624 1917 placidum
642 1854 700 1918 per
715 1832 821 1893 Nerea
832 1855 910 1895 ven.

532 1930 596 1977 tos.

144 1999 299 2062 'Incultur
322 1997 401 2059 adiit
425 1991 676 2082 Laestrygonas,
699 1993 911 2082 Antiphaten·

363 2139 368 2146 .
555 2102 616 2155 ue,
912 2133 917 2146 ,
958 2151 963 2158 ,

154 2166 285 2228 Nobilis
301 2165 429 2225 Artacie
449 2103 553 2248 gelidi
569 2184 651 2247 quos
668 2163 778 2248 irrigat
795 2160 890 2223 undi-

153 2250 265 2312 Solum
282 2269 341 2309 nec
358 2243 471 2309 doctae
481 2261 645 2316 vertetu-ut
654 2245 770 2332 pocula
781 2243 909 2310 Circen:

154 2333 310 2416 Quimvie
327 2330 383 2394 illa
400 2333 486 2394 foret
509 2331 595 2392 Solis
619 2351 739 2415 genus,
767 2343 841 2416 apta
858 2329 911 2392 vel

251 2431 254 2440 ·
531 2415 663 2487 herbis,
997 2417 999 2422 ’

154 2499 303 2584 Aptaque
321 2497 373 2559 vel
392 2513 486 2559 cantu
503 2513 630 2560 veteres
647 2512 768 2559 mutare
784 2496 909 2582 figuras.

156 2581 400 2644 Cimmeriorum
425 2583 520 2644 etiam
546 2583 692 2645 obscuras
719 2581 850 2642 accessit
872 2581 919 2642 atl

534 2686 638 2742 arees3

156 2749 259 2832 Queir
274 2767 431 2830 nunquam
448 2749 601 2812 candente
619 2749 686 2810 dies
698 2750 844 2836 apparuit
857 2769 910 2812 or·

533 2848 569 2894 tu
580 2874 590 2909 ‚

155 2915 234 2976 Sive
261 2931 357 3000 supra
381 2926 480 2976 terrai
504 2916 672 2994 Phoebus,
697 2937 754 2978 eeu
770 2925 910 2978 curreret

531 3003 625 3062 infra.

159 3079 270 3158 Vidit,
287 3080 467 3146 utinierno
485 3081 628 3147 Plutonia
645 3082 769 3145 subdita
790 3095 890 3163 regno
