2264 3726
276 401 337 462 36ss
457 395 856 457 PROPERTII

278 523 405 586 Cornua
418 542 477 582 nec
493 519 593 582 valuit
609 541 739 580 curvare
754 521 787 582 iu
802 521 933 604 pellice
945 527 1052 602 luno,
1112 561 1113 576 r

315 608 380 666 Aut
400 607 512 666 faciem
530 605 615 688 turpi
631 603 823 665 dedecorare
843 605 962 670 bove:

276 689 496 772 Arboreasque
518 709 626 748 cruces
643 687 747 828 Sguis,
767 701 798 748 et
814 707 882 750 non
904 689 1048 779 hospita

681 791 753 848 rajrs

319 856 424 928 Saxa,
444 869 476 916 et
495 865 637 914 curvatas
656 853 689 912 in
708 874 763 914 sua
779 855 848 914 fata
867 857 1003 920 trabes.

276 941 364 1000 llaec
389 939 468 1012 tibi,
496 937 588 998 Tulle
599 979 610 1011 „
634 956 767 1021 parens,
795 937 877 998 haec
899 957 957 1002 est
976 943 1049 1028 pul.

653 1017 805 1079 cherrima
823 1021 948 1085 sedes:

317 1105 381 1166 Hic
400 1105 458 1166 tibi
477 1123 536 1190 pro
555 1104 649 1188 digni
672 1117 766 1188 gente
792 1104 963 1188 petendus
985 1109 1045 1169 ho·

649 1205 719 1246 uos-

181 1281 184 1294 '
276 1271 338 1334 Hic
355 1271 415 1332 tibi
433 1270 472 1330 ad
490 1269 651 1353 eloquium
668 1270 766 1342 cives,
784 1267 837 1329 hic
855 1273 971 1356 ampla
988 1297 1043 1334 ne-

675 1366 764 1412 otum

318 1439 416 1525 Sper,
437 1449 469 1496 et
486 1451 637 1497 venturae
650 1373 804 1519 Pcorrjugis
819 1419 919 1520 aptus
939 1449 1042 1502 atuor.

443 1765 705 1826 ELEGIA
746 1763 856 1825 XXII.

274 1901 372 2019 Ergo
390 1947 453 1994 tam
470 1932 583 1996 doctae
599 1933 693 1994 nobis
708 1933 832 2018 periere
848 1933 1017 2012 tabellae,

315 2019 439 2104 Scripta
456 2018 567 2101 quibus
582 2017 700 2102 pariter
718 2029 768 2076 tot
784 2017 911 2100 periere
929 2019 1036 2082 bona!

274 2103 340 2164 Has
366 2101 522 2190 quondam
548 2101 664 2162 nostris
689 2098 832 2161 manibus
853 2099 1038 2164 detriverat

647 2204 721 2244 USUS
730 2221 741 2257 ῃ

316 2271 381 2352 Qui
398 2290 463 2330 non
479 2271 615 2351 signatas
633 2267 726 2346 jussit
745 2264 860 2326 hab'ere
879 2265 993 2328 fidem.

276 2353 354 2416 Illae
370 2355 433 2434 jam
450 2354 516 2412 sine
535 2372 585 2410 me
604 2355 718 2410 ndrant
733 2347 858 2434 placare
875 2350 1034 2433 puellam,

317 2439 357 2496 Et
374 2435 523 2518 quaedam
540 2437 607 2494 sine
625 2455 674 2497 me
690 2432 785 2493 verba
796 2431 913 2492 diserta
925 2431 1033 2519 loqui.

273 2520 351 2582 Non
368 2519 437 2580 illas
453 2519 549 2580 fixum
566 2537 651 2576 caras
668 2516 814 2576 effecerat
832 2537 963 2578 aurum:

314 2603 445 2686 Vulgari
459 2603 546 2664 buxo
564 2599 690 2665 sordida
707 2619 777 2660 cera
793 2599 866 2658 fuit.

276 2686 517 2769 Qualescunque
532 2685 609 2744 mihi
619 2705 741 2769 semper
750 2703 891 2742 mansere
902 2682 1032 2760 fideles,

213 2805 222 2824 ι
315 2769 445 2853 Semper
462 2783 494 2829 et
511 2769 641 2828 effectus
657 2776 859 2853 promeruere
873 2766 992 2828 bonos.

249 2862 255 2882 '
274 2854 419 2917 Forsitan
440 2854 518 2913 haec
538 2851 601 2910 illis
620 2849 906 2928 fuerant-mandata
925 2850 1032 2911 tabel-
1108 2853 1109 2866 *

648 2933 705 2995 lis:

314 3024 456 3098 Irascor,
484 3013 631 3105 quoiriam
647 3039 718 3162 ξεῖ
743 3014 856 3093 lente,
883 3030 1028 3080 moratus

672 3123 727 3164 erl·
