2336 3732
358 342 732 465 utemur?
843 390 898 452 ιιι
986 350 988 356 ’

143 518 251 602 Atque
262 517 347 577 inter
358 516 498 601 geminas
509 515 678 599 pingantur
689 531 805 574 cornua
816 507 902 574 [rbu-

515 611 592 658 tes.

190 683 242 744 Sic
258 683 374 742 etenim
386 693 523 740 comtum
532 681 658 743 mittere
668 693 798 774 oportet
809 699 901 775 opus.

146 767 207 828 Per
238 775 320 839 vosj
345 780 490 824 auctores
523 762 628 842 hujus
638 764 715 822 milri
745 764 901 835 carminis,

527 866 605 918 oro,
948 845 951 864 ¹

190 894 423 1013 Castaliamque
439 927 578 988 umbram
594 928 882 1013 Pieriosquelacus‚

148 1015 200 1079 Ite
219 1016 366 1085 domurn,
396 1011 513 1072 cultum
537 1033 576 1073 ue
602 1011 650 1072 illi
673 1012 790 1073 donate
813 1011 904 1072 libel·

399 1111 401 1120 ’
516 1036 609 1169 (ium,

191 1181 282 1242 Sicut
300 1179 381 1240 erit:
404 1176 506 1238 nullus
525 1176 730 1238 defluutinde
747 1177 848 1252 color.
982 1256 985 1258 -

153 1263 218 1324 Illa
235 1263 312 1322 mihi
331 1262 503 1336 referet,'
479 1283 506 1320 ιι
522 1265 622 1324 nostri
640 1277 747 1322 mutua
764 1275 904 1334 curaest,
976 1265 979 1269 '

114 1371 121 1380 ·
192 1347 243 1404 Αιι
257 1345 379 1418 minor,
399 1367 436 1404 an
452 1359 525 1405 toto
542 1359 675 1428 pectore
694 1343 875 1404 deciderim.

152 1428 220 1490 sed
245 1429 377 1512 primum
403 1428 570 1512 nympham
597 1427 689 1511 longit
718 1427 832 1488 donate
858 1447 906 1487 sa·

529 1510 618 1583 luto,
722 1571 724 1576 ,
935 1507 939 1516 ’

195 1593 300 1678 Atque
317 1593 395 1654 haec
412 1593 565 1654 submisso
584 1591 681 1656 dicite
699 1593 796 1655 verba
806 1610 905 1652 sono

153 1677 245 1742 Ha'ec
264 1676 370 1738 tibi
338 1699 388 1738 ιιι
408 1676 577 1762 quondam,
597 1699 678 1738 nunc
696 1679 805 1752 frater,
822 1689 907 1737 casta

107 1767 111 1776 '
451 1825 455 1830 .
530 1759 675 1833 Neaera,

123 1851 127 1855 ’
194 1843 325 1918 Mittit,
347 1853 400 1916 et,
420 1843 556 1928 accipiar
574 1862 702 1904 munera
719 1861 837 1928 parva,
854 1861 907 1903 ro·

553 1939 602 2002 λη

156 2009 267 2092 Teque
283 2008 346 2070 suis
362 2011 445 2088 jurat
461 1947 602 2069 cerain
579 2007 689 2090 magis
700 2025 768 2066 esse
787 2003 909 2065 medul-

529 2091 591 2164 lis,

196 2173 270 2234 Sive
288 2173 348 2234 sibi
366 2174 504 2253 conjux,
528 2176 596 2234 sive
613 2173 719 2232 futura
736 2191 837 2231 soror.

155 2255 220 2317 Sed
246 2259 356 2342 ,potius
383 2259 525 2338 conjux3
514 2257 647 2398 ,thtujus
667 2275 754 2342 spem
773 2253 931 2316 nominis,

532 2363 543 2398 l
570 2363 581 2398 l

199 2420 333 2484 Auferet
344 2423 509 2511 'exstructo
528 2421 647 2508 pallida
661 2423 750 2482 Ditis
769 2440 859 2504 aqua.

360 2751 620 2814 ELEGIA
661 2751 706 2814 ΙΙ.

160 2881 244 3006 Qui
267 2915 385 3001 primur
401 2920 631 3062 caraquveni‚
647 2913 911 3002 carumquepuel·

546 3023 583 3063 ae

92 3091 102 3098 ⁴
150 3116 167 3154 .·
201 3083 328 3172 Eripuit
344 3085 514 3168 juvenem,
533 3079 654 3149 'ferreus
672 3083 726 3146 ille
744 3083 818 3144 fuit.
