2264 3726
250 539 254 544 ·
349 531 561 595 LIBER
601 531 665 594 ΙΙΙ.
815 531 886 595 -325

130 655 200 719 Nec
215 677 278 720 non
293 657 347 718 ille
362 657 410 718 tui
424 679 512 718 casus
522 671 716 719 memorator
726 657 885 720 Homerus
902 705 908 714 .

174 743 365 803 Posteritate
380 765 469 802 suum
487 757 628 802 crescere
645 743 741 801 sentit
757 762 850 826 opus.
936 735 939 746 ’

131 827 204 891 Me<
214 847 253 885 ue
272 827 354 884 inter
371 833 459 885 seros
477 825 617 884 laudabit
626 827 730 884 Roma
740 840 885 910 nepotes.

172 909 200 968 ll
216 933 270 984 um,
282 923 358 992 post
374 911 494 968 cineres
514 929 649 992 auguror
664 909 733 991 ipse
750 907 844 968 diem.

68 1054 74 1083 ἶ
133 991 181 1054 Ne
200 1011 271 1050 mea
289 1004 451 1052 contemto
469 991 549 1074 lapis
566 990 685 1050 indicet
700 989 895 1078 ossasepul-¹'
923 1053 925 1061 ,

511 1094 586 1147 cre,

174 1156 340 1217 Provisum
357 1169 417 1230 est,
436 1157 535 1234 Lycio
551 1170 627 1216 vota
660 1157 791 1224 robante
801 1160 888 1219 Deo.

137 1237 292 1300 Carminis
321 1240 443 1300 interea
466 1240 576 1312 nostri!
594 1179 757 1300 ualeamus
781 1242 813 1300 in
839 1261 890 1302 or-

514 1322 605 1397 bem,

178 1404 323 1466 Gaudeat
339 1418 375 1464 ut
391 1403 490 1464 solito
508 1417 593 1464 tacta
609 1405 717 1491 Puella
738 1426 830 1469 sono.

137 1487 270 1573 Orpheu
281 1529 291 1563 ,
317 1501 350 1548 te
368 1487 496 1547 duxisse
519 1489 624 1562 feras,
650 1503 683 1549 et
701 1492 826 1551 concita
845 1489 893 1550 di·

514 1584 588 1630 cunt

177 1654 320 1721 Flumina
339 1653 487 1714 Threicii
507 1655 693 1716 sustinuisse
711 1655 790 1735 lyra.

101 1790 105 1803 .
140 1739 229 1808 Saxa
242 1736 445 1798 Cithaeronis
463 1737 587 1797 Thebas
605 1739 787 1824 agitataper
798 1753 896 1798 artam

180 1823 303 1908 Sponte
328 1823 384 1880 einai
407 1821 440 1879 in
462 1821 544 1880 muri
569 1820 706 1881 mambra
728 1841 831 1886 cottae
848 1823 925 1916 fe'„
1002 1821 1005 1830 ⁴

472 1941 475 1951 ·
515 1917 599 1963 runt.

142 1967 229 2070 Quin
247 1989 361 2062 etiam,
378 1969 587 2072 Polypheme,
607 1986 675 2046 feri
693 1985 824 2048 Galatea
841 1987 896 2055 sub
975 2073 981 2086 1
1043 1988 1046 2000 ’

519 2069 621 2128 Aetna

182 2152 233 2212 Ad
250 2166 305 2212 tua
320 2166 463 2213 rorantes
481 2152 617 2212 carmina
634 2150 726 2211 flexit
743 2170 853 2234 equos.

141 2238 313 2310 Miremur,
328 2235 422 2296 uobis
438 2249 470 2296 et
479 2235 649 2296 Baccho'et
657 2231 808 2319 Apolline
821 2233 898 2294 dex·

518 2333 591 2392 tro,
646 2381 648 2386 ,

165 2404 169 2417 ’
188 2401 293 2461 Turba
312 2399 488 2487 puellarum
509 2403 539 2462 ei
554 2421 625 2462 mea
643 2391 740 2463 verba
758 2398 863 2460 colit?

146 2484 246 2570 Quald
264 2505 329 2546 non
346 2487 509 2548 Taenariis
527 2483 638 2546 domus
661 2498 709 2544 est
724 2482 803 2544 mihi
820 2483 904 2550 fulta

357 2563 361 2574 ’
524 2567 700 2641 columnia,

185 2649 259 2715 Nec
273 2670 394 2712 camera
412 2665 535 2712 auratae
551 2653 635 2711 inter
651 2649 767 2712 eburna
776 2650 902 2727 trabea;
978 2649 982 2658 '

147 2734 220 2796 Nec
237 2727 306 2794 m'ea
316 2734 472 2796 Phaeacas
486 2747 622 2818 aequant
630 2734 773 2819 pomaria
789 2732 884 2793 silvas
892 2753 903 2808 3

190 2817 268 2878 Non
283 2837 420 2904 operosa
433 2818 515 2903 rigat
528 2818 671 2877 Marcius
683 2829 770 2877 antra
779 2815 886 2898 liquor
895 2835 911 2879 :-

148 2897 193 2962 At
208 2901 324 2960 Musae
334 2903 480 2974 comites,
498 2913 530 2959 et
540 2901 675 2960 carmina
687 2919 757 2960 cara
772 2895 905 2980 leg'enti,

191 2984 234 3043 Et
252 2983 376 3044 defessa
394 2983 501 3043 choris
521 2981 687 3068 Calliopea
704 2980 795 3040 meis.

152 3069 327 3148 Fortunata
342 3085 416 3126 meo
435 3066 461 3124 si
484 3085 544 3147 qua
560 3085 596 3127 aa
612 3063 769 3124 celebrata
784 3053 909 3128 libello,

196 3147 342 3214 Carmina
369 3162 459 3210 erunt
484 3149 607 3214 formae
629 3159 680 3208 tot
708 3151 911 3204 monumenta

382 3237 388 3266 l
530 3243 616 3288 tuae.
