2224 3724
296 458 507 520 truse
548 455 608 518 tv.
680 467 681 474 Ν
768 458 829 536 413

62 587 117 682 Et!
130 585 255 661 Persen,
265 586 381 672 proavi
391 583 588 681 simulantem
597 594 709 666 pectus
718 580 830 644 Achil-

112 727 240 840 Qu'rque
257 666 830 838 nasproavifiregu,ncu11e,r0.

450 853 537 894 mos:
620 875 625 882 -
671 874 684 903 ,ι

66 919 132 981 Me
155 939 258 1003 neque
283 937 433 979 censurae
456 916 562 1058 lelgem
586 915 829 992 mollisse‚'nec

450 1023 472 1060 u
498 1021 516 1060 a
656 1017 660 1030 ¹
710 1023 712 1030 ·

87 1095 92 1104 ’
113 1085 199 1146 Labe
217 1086 286 1145 mei
303 1097 426 1145 vestros
447 1081 610 1143 erubuisse
626 1084 733 1150 fotos.

66 1167 150 1230 Non
166 1169 230 1227 fuit
248 1168 374 1228 exuviis
385 1167 481 1236 tantis
495 1165 648 1227 Cornelia
663 1165 827 1230 damnum:

117 1252 205 1334 Quin
222 1263 256 1311 et
272 1262 339 1310 erat
359 1269 490 1348 nragnue
513 1271 590 1335 pars
604 1251 756 1312 imitanda
772 1251 831 1314 do·

450 1354 530 1394 mus.
821 1347 828 1359 ¹

68 1415 146 1482 Nec
172 1437 242 1477 meu
267 1429 387 1476 mutata
411 1429 461 1478 est
480 1429 585 1478 aetus:
609 1417 677 1478 sine
698 1418 829 1479 crimine

453 1512 524 1562 tota
540 1512 599 1560 est.

116 1583 263 1645 Viximus
281 1583 420 1668 insignes
437 1584 520 1643 inter
536 1596 700 1669 utramque
714 1585 828 1646 facem.

69 1669 128 1730 Mi
144 1683 254 1729 natura
270 1667 359 1728 dedit
376 1666 462 1752 leges
480 1687 498 1725 a
514 1667 664 1750 sanguine
683 1667 805 1741 ductas,

115 1749 167 1811 Ne
184 1753 304 1834 possim
320 1751 434 1812 melior
449 1749 564 1834 judicis
583 1771 651 1810 esse
670 1765 767 1811 metu.

71 1834 259 1918 Quimlibet
282 1849 421 1897 austeras
446 1835 486 1894 de
511 1853 562 1892 me
580 1835 663 1892 ferat
687 1855 764 1895 unua
782 1847 831 1894 ts·

452 1915 571 1992 bellas3

116 2003 255 2088 Turpior
271 2003 398 2063 adsensu
414 2021 480 2062 non
498 2001 558 2064 erit
571 1997 635 2060 ulla
651 2019 735 2060 meo.

34 2143 43 2156 ,
71 2083 137 2148 Vel
159 2101 216 2162 tu,
241 2107 321 2170 quae
341 2083 462 2148 tardam
480 2083 612 2144 movisti
631 2085 708 2143 fune
726 2078 832 2162 Cybe.

451 2168 534 2240 ben,

116 2250 269 2326 Claudia,
285 2253 418 2314 turritae
434 2271 504 2312 rara
520 2250 662 2308 ministra
677 2250 790 2311 Deest

71 2335 137 2398 Vel
154 2336 225 2410 cui,
242 2337 426 2397 commissos
443 2339 513 2396 cnm
524 2332 630 2394 ¹Vesta
645 2325 831 2420 reposceret

454 2420 564 2502 ignes,
619 2469 623 2480 .

114 2501 272 2563 Exhibuit
290 2503 385 2564 vivos
403 2501 549 2563 carbasus
568 2497 638 2560 alba
656 2502 761 2562 socos.
816 2543 819 2558 ,

70 2585 145 2647 Nec
168 2600 221 2662 te,
236 2584 339 2648 ,dulce
363 2599 484 2671 caput,
509 2597 609 2644 mater
639 2583 828 2660 Scribonia,

451 2667 542 2730 laesis

115 2753 154 2812 In
171 2775 220 2813 me
238 2768 391 2814 mutatum
408 2757 502 2839 quid,
523 2757 584 2816 nisi
601 2757 667 2814 fata
677 2796 687 2830 ,
705 2753 810 2816 velis?

72 2837 233 2898 Maternis
253 2837 366 2900 laudor
383 2837 529 2922 iacrymis
540 2881 550 2915 ,
577 2839 726 2924 urbisque
753 2859 831 2924 que·

453 2923 549 2998 reiis,

115 3003 260 3068 Defensa
279 3019 311 3064 et
332 3008 453 3090 gemitu
479 3005 621 3069 Caesaris
638 3017 710 3070 ossa
725 3026 807 3066 mea.

73 3085 157 3159 Ille,
178 3090 233 3148 sui
250 3083 321 3149 nati
341 3089 487 3176 dignum,
506 3093 627 3154 vixisse
645 3111 788 3154 sororem

115 3171 288 3259 Increpatf
305 3188 338 3237 et
354 3173 506 3260 lacrymas
524 3177 659 3245 vidimus
677 3177 724 3237 ire
740 3176 829 3236 Deo.

405 3443 417 3488 t
