2264 3726
205 441 207 460 ,
294 384 504 446 ulons
545 381 651 466 nt.
772 389 834 470 sm

72 516 125 576 'An
145 513 205 574 tibi
229 511 442 593 nesciorquae
466 509 536 568 'visa
559 520 608 566 est
633 508 835 578 formosior?

452 612 490 651 an
509 605 545 650 tu

113 677 190 739 Non
207 678 287 738 bene
305 677 343 736 de
361 676 453 736 nobis
474 674 603 733 crimina
619 671 693 735 ficta
706 672 813 753 iacis?

67 763 137 824 Aut
158 762 259 822 dixit:
280 759 398 822 Venias
414 757 524 830 hodie,
543 757 733 818 cessabimus
751 762 830 834 unis

112 845 298 929 Hospitium
317 846 499 906 totinocte
518 841 643 923 paravit
657 841 766 902 Amor.

66 929 113 990 Et
139 946 344 1012 quaecunque
363 922 480 986 ‘volens
505 924 624 1008 reperit
650 943 713 996 non
732 923 830 988 stulta
860 979 866 994 s
953 905 954 915 ἵ

172 1075 179 1086 .
472 1005 576 1080 uella,

110 1091 243 1160 Garmias
262 1094 332 1151 cinn
348 1030 471 1148 blandib
492 1089 617 1148 ducitur
633 1088 713 1151 hora
732 1091 826 1153 dolis.

66 1177 131 1238 Me
148 1177 297 1236 miserum
307 1213 317 1247 ‚
335 1172 384 1231 his
410 1171 524 1256 aliquis
548 1173 704 1234 rationem
720 1175 828 1234 scribit

207 1271 220 1280 ·
448 1275 579 1326 avarus,

110 1342 153 1399 Et
169 1339 264 1422 ponit
282 1337 373 1400 duras
391 1337 472 1397 inter
494 1335 724 1436 ephemeridas.

67 1424 158 1506 Quas
174 1423 201 1481 si
217 1421 286 1504 quis
302 1420 378 1480 mihi
390 1417 548 1494 retulerit,
558 1420 726 1482 donabitur
737 1441 825 1484 auro.

112 1505 192 1588 Quis
210 1523 268 1589 pro
288 1502 410 1564 divitiis
426 1502 511 1585 ligna
529 1516 650 1563 retenta
668 1503 775 1564 velit?

23 1658 29 1662 ,
65 1589 85 1648 I
102 1610 203 1673 puer,
223 1602 256 1648 et
273 1589 355 1654 citus
371 1587 450 1646 haec
474 1583 578 1669 aliqui
599 1605 747 1670 propone
770 1607 827 1648 co·

387 1677 393 1680 “
447 1666 572 1745 lumni3
841 1717 842 1720 η
889 1723 892 1735 ,

109 1757 151 1814 Et
175 1753 338 1816 dominum
365 1749 517 1835 Esquiliis
548 1750 650 1849 scribe
681 1749 825 1814 habitare
895 1807 904 1814 .

446 1847 549 1895 tuum.

230 2161 663 2256 ntnotsxmm

69 2295 174 2392 Falsa
200 2345 247 2392 est
273 2332 332 2390 ists
359 2343 445 2406 tuae,
470 2329 595 2405 mulier,
621 2327 735 2388 fiducia
758 2329 825 2390 for·

446 2433 539 2488 mse,

109 2497 193 2560 Olim
212 2496 313 2558 oculis
330 2498 458 2558 nimibm
478 2498 562 2556 facta
581 2494 716 2580 superba
731 2494 821 2554 meis.
855 2543 859 2550 .

68 2581 189 2644 Noster·
216 2601 305 2642 smor
328 2579 406 2642 tales
431 2580 543 2639 tribuit
563 2578 642 2652 tibi,
672 2573 821 2657 Cynthia,

444 2661 571 2722 laudes:

110 2746 260 2807 Versibus
277 2746 431 2828 insignem
449 2759 481 2804 te
498 2744 598 2829 pudet
616 2762 684 2804 etse
701 2743 792 2804 meis.
846 2807 852 2814 ,

69 2832 207 2892 Mixtum
225 2845 257 2890 te
276 2829 361 2890 varii
377 2828 503 2888 laudavi
521 2847 616 2911 saepe
633 2825 731 2910 figuti
742 2850 752 2904 ;

111 2913 173 2986 Ut,
191 2913 277 2996 quod
295 2931 359 2972 non
377 2931 473 2984 esses,
492 2931 561 2970 esse
603 2923 706 2970 staret
722 2929 823 2972 amor.

70 2999 110 3056 Et
128 2995 218 3056 color
235 3011 282 3056 est
300 2997 398 3056 toties
415 3013 510 3054 roseo
530 2934 665 3054 colbatus
686 2994 778 3068 E003

111 3078 189 3145 Cum
209 3079 267 3140 tibi
286 3079 445 3162 quaesitus
465 3076 582 3139 candor
600 3077 634 3134 in
651 3095 707 3137 ore
723 3078 822 3137 foret.

581 3160 638 3217 Aa
693 3165 695 3172 '

513 3263 522 3291 Ι
