2264 3726
296 284 645 386 'LIBERIL
811 301 962 388 321,Ι

108 423 224 483 Cedite
243 422 381 482 Romani
401 422 593 506 scriptores,
612 420 717 482 cedite
736 423 835 504 Graji.

103 535 117 552 ι
144 504 265 568 Nescio
286 503 362 588 quid
380 505 477 583 majus
495 506 635 564 nascitur
651 505 765 566 Iliade.
836 534 858 562 .-

106 589 156 648 Tu
172 589 256 647 canis
274 587 416 650 umbrosi
435 588 543 647 subter
560 589 669 671 pineta
688 588 796 650 Galesi
848 607 850 614 ·

144 671 299 751 Thyrsin,
326 685 360 732 et
386 671 503 730 attritis
529 671 684 755 Daphnin
704 673 865 738 arundini·

482 753 561 815 bus:

71 853 77 867 '
104 837 212 921 thue
245 835 354 898 decem
374 833 507 922 ¹possint
543 857 745 924 corrumpere
781 841 863 904 mala

479 919 640 1005 puellam,

142 1004 263 1064 Missus
282 1016 314 1063 et
330 1004 493 1087 impressis
510 1003 633 1064 hoedus
648 1005 686 1064 ab
699 1005 862 1069 uberibus.

98 1087 212 1160 Felix,
238 1087 292 1168 qui
310 1085 391 1146 viles
409 1087 513 1168 pomis
529 1089 675 1146 mercaris
694 1108 839 1164 amores,

139 1171 223 1228 Huic
242 1169 319 1228 licet
338 1169 480 1253 ingratae
500 1171 629 1250 Tityrus
648 1171 717 1255 ipse
734 1187 838 1234 canat.

97 1251 205 1326 Felix,
224 1252 376 1312 intactum
388 1249 541 1330 Corydon
559 1253 612 1336 qui
630 1265 732 1314 tentat
742 1255 861 1317 Alexin

140 1333 311 1418 Agricolae
330 1333 451 1395 domini
469 1355 603 1419 carpere
618 1333 760 1399 delicias.

101 1417 254 1500 Quamvis
278 1416 334 1496 ille
358 1436 445 1478 suam
462 1417 562 1478 lassus
584 1420 763 1503 requiescat
783 1442 857 1484 ave·

134 1540 139 1551 =
478 1521 568 1574 narn,

141 1583 301 1644 Laudatur
320 1581 431 1645 faciles
451 1584 534 1646 inter
550 1584 798 1666 Hamadryadas.

102 1669 151 1727 Tu
169 1669 254 1728 canis
269 1667 401 1728 Ascraei
417 1667 535 1728 veteris
545 1679 861 1755 praeceptapoetae,

141 1751 216 1834 Quo
244 1769 334 1836 seges
360 1752 393 1810 in
422 1771 561 1848 campo,
597 1771 661 1835 quo
688 1755 772 1814 viret
796 1775 859 1818 uva

490 1858 507 1893 u
525 1855 564 1895 ·o.
647 1871 650 1881 ·

100 1917 177 1977 Tale
196 1902 274 1978 facis
292 1937 416 1978 carmen
435 1857 529 1978 dolet}
548 1916 727 1992 testudine,
745 1919 839 2001 quale

141 1999 297 2080 Cynthius
315 2001 476 2085 impositis
497 2013 655 2086 temperat
673 2001 827 2062 articulis.

97 2081 173 2143 Non
192 2098 296 2144 tamen
321 2083 400 2144 haec
425 2081 484 2144 ulli
509 2085 641 2145 venient
663 2083 787 2166 ingrata
810 2083 859 2144 le·
928 2137 931 2146 .

479 2167 587 2252 genti,

141 2248 218 2307 Sive
238 2250 270 2307 in
289 2267 395 2309 amore
413 2247 521 2324 rudis,
542 2251 610 2310 sive
625 2249 748 2334 peritus
764 2250 837 2311 erit.

100 2330 172 2392 Nee
191 2331 294 2392 minor
309 2331 358 2392 his
377 2333 508 2406 animis,
534 2351 593 2392 nec
620 2353 653 2394 se
678 2333 781 2394 minor
801 2351 858 2394 ore
936 2397 951 2404 ,

478 2435 611 2476 canorus

140 2496 268 2558 Anseris
287 2495 416 2558 indocto
436 2499 572 2560 carmine
591 2499 685 2558 cessit
704 2495 788 2560 olor.

96 2579 187 2640 Haec
205 2599 332 2664 quoque
352 2583 499 2664 perfecto
509 2579 638 2642 ludebat
649 2581 764 2643 Iasone
775 2578 855 2644 Vas·

476 2683 514 2724 ro

137 2745 240 2807 Varro
256 2744 436 2806 Leucadiae
453 2704 590 2808 maxima
606 2745 727 2808 flamma
745 2768 832 2810 suae.

96 2829 185 2891 Haec
202 2849 330 2916 quoque
348 2827 461 2892 lascivi
479 2831 643 2974 calptdrunt
664 2828 781 2916 scripta
793 2829 853 2892 Ca·

475 2925 510 2972 tu
535 2936 567 2987 1,

137 2994 251 3058 Lesbia
273 2995 362 3080 queis
382 2995 450 3080 ipsi
471 3000 581 3060 notior
601 3011 664 3136 espz
665 2995 803 3058 Heleni.
