2224 3724
289 400 506 493 neuun
547 432 651 496 1v..
778 443 838 518 415

78 557 199 652 Atque,
217 557 273 620 ubi
286 541 410 622 secretcl
426 563 534 620 nostra
551 558 591 620 ad
606 559 772 623 simulacra
788 563 839 626 lu·

480 643 602 719 ueris„
780 704 784 712 x

123 726 167 786 Ut
185 746 395 812 responsurae
413 665 535 811 singula
553 727 650 788 verba
664 731 746 810 jace.

80 809 144 872 Seu
161 809 448 872 tamenadversum
462 813 595 871 mutarit
603 815 697 892 janua
708 811 836 890 lectum,

123 893 247 956 Sederit
267 909 299 954 et
316 912 430 956 nostro
447 909 539 956 cauta
557 915 693 958 noverca
712 912 806 960 toro:

83 975 289 1062 conjugium,
307 967 419 1064 pueri}
438 978 564 1039 laudate
584 994 615 1040 et
630 981 712 1040 ferte
730 995 837 1066 pater·

459 1083 544 1126 num.

103 1173 106 1178 ·
124 1142 227 1229 Capta
247 1142 334 1204 dabit
352 1145 464 1206 vestris
483 1145 623 1206 moribus
643 1145 697 1206 illa
715 1167 837 1211 manus.
868 1164 877 1188 ⁴

79 1225 153 1288 Nec
171 1243 301 1287 matrem
317 1227 445 1288 laudate
462 1229 574 1290 nimis:
598 1229 713 1290 collata
735 1234 837 1316 priori

123 1309 236 1372 Vettet
253 1310 286 1369 in
304 1309 440 1371 offensas
457 1310 560 1372 libera
576 1313 672 1374 verba
690 1336 773 1376 suas.

80 1393 147 1456 Seu
171 1413 291 1454 memor
314 1392 369 1454 ille
393 1395 462 1455 mea
491 1409 659 1458 contentus
686 1401 836 1462 manserit

458 1478 583 1554 umbra,
613 1535 616 1546 ,

107 1561 166 1619 'Et
182 1561 262 1622 tanti
278 1560 399 1620 cineres
418 1560 546 1622 duxerit
564 1583 633 1624 esse
650 1585 756 1627 meos:

77 1643 208 1705 Discite
233 1657 398 1706 venturam
421 1647 485 1725 jam
510 1667 591 1706 nunc
611 1651 727 1711 sentire
744 1669 835 1712 sene·

460 1743 563 1802 ctam,

123 1807 266 1871 Coelibis
280 1810 320 1871 ed
337 1831 425 1872 curas
442 1833 501 1872 nec
519 1826 609 1873 vacet
626 1813 689 1874 ullu
707 1816 771 1876 via.

80 1893 178 1977 Quod
200 1893 277 1956 mihi
294 1893 467 1956 detractum
487 1909 547 1969 est,
565 1909 688 1958 vestros
706 1899 834 1961 accedat

340 2042 346 2056 ,
458 1979 630 2040 adaunot:

119 2058 212 2122 Prole
228 2063 296 2122 mea
312 2055 453 2123 Paullum
471 2063 516 2122 sic
528 2065 619 2142 juvet
636 2083 704 2124 esse
715 2085 834 2125 senem.

29 2136 33 2144 ¹
77 2145 121 2204 Et
140 2145 220 2206 bene
244 2144 352 2208 habet.
381 2145 551 2230 Nunquam
570 2162 671 2208 mater
688 2146 833 2232 lugubria

456 2251 564 2292 Sumus

119 2309 217 2373 Venit
234 2313 267 2372 in
287 2314 454 2400 exsequias
473 2328 543 2374 tota
562 2327 688 2382 caterva
706 2333 803 2374 meas.

78 2393 183 2457 Causa
207 2413 355 2481 perorata
378 2411 438 2458 est.
466 2398 595 2458 Flentes
616 2417 685 2474 me,
712 2399 831 2482 surgite
900 2459 904 2466 ,

167 2542 171 2552 ,
454 2495 574 2556 testes,

118 2561 206 2622 Dum
224 2565 362 2648 pretium
379 2565 466 2626 vitae
493 2578 580 2648 grata
605 2563 752 2650 rependit
771 2563 831 2628 hu.

454 2671 533 2708 mus.

78 2724 228 2792 Muribus
246 2741 279 2788 et
297 2722 421 2790 coelum
438 2734 562 2817 patuit:
586 2735 644 2793 sim
662 2731 832 2818 diguame·

453 2817 574 2890 rend0‚
836 2889 840 2902 .

52 2963 63 2980 N
120 2889 217 2976 Cujus
235 2894 400 2960 honoratis
420 2917 490 2960 ossa
507 2899 662 2964 vehantur
679 2901 780 2986 equis.
819 2945 825 2964 .

885 812 892 842 l

344 3067 568 3085 Μ
