<?xml version="1.0" encoding="UTF-8"?>
<!DOCTYPE html PUBLIC "-//W3C//DTD XHTML 1.0 Transitional//EN"
    "http://www.w3.org/TR/xhtml1/DTD/xhtml1-transitional.dtd">
<html xmlns="http://www.w3.org/1999/xhtml" xml:lang="en" lang="en">
 <head>
  <title>
</title>
<meta http-equiv="Content-Type" content="text/html;charset=utf-8" />
  <meta name='ocr-system' content='tesseract 3.04.00' />
  <meta name='ocr-capabilities' content='ocr_page ocr_carea ocr_par ocr_line ocrx_word'/>
</head>
<body>
  <div class='ocr_page' id='page_1' title='image "./catullustibullu01tibugoog_0414.png"; bbox 0 0 2224 3724; ppageno 0'>
   <div class='ocr_carea' id='block_1_1' title="bbox 323 327 979 448">
    <p class='ocr_par' dir='ltr' id='par_1_1' title="bbox 323 327 1106 448">
     <span class='ocr_line' id='line_1_1' title="bbox 323 327 979 448; baseline 0.001 -22"><span class='ocrx_word' id='word_1_1' title='bbox 323 363 539 428; x_wconf 75' lang='lat' dir='ltr'>ursan</span> <span class='ocrx_word' id='word_1_2' title='bbox 580 361 640 430; x_wconf 90' lang='lat' dir='ltr'>1v.</span> <span class='ocrx_word' id='word_1_3' title='bbox 807 327 899 448; x_wconf 68' lang='lat'>405&#39;</span> <span class='ocrx_word' id='word_1_4' title='bbox 947 434 979 442; x_wconf 52' lang='grc'>,,</span> 
     </span>
    </p>
   </div>
   <div class='ocr_carea' id='block_1_2' title="bbox 1 488 872 913">
    <p class='ocr_par' dir='ltr' id='par_1_2' title="bbox 1 488 872 913">
     <span class='ocr_line' id='line_1_2' title="bbox 29 488 872 578; baseline 0.002 -26"><span class='ocrx_word' id='word_1_5' title='bbox 29 496 35 511; x_wconf 78' lang='grc'><strong>“</strong></span> <span class='ocrx_word' id='word_1_6' title='bbox 109 488 291 578; x_wconf 80' lang='lat' dir='ltr'><strong>Lygdamus</strong></span> <span class='ocrx_word' id='word_1_7' title='bbox 316 491 512 577; x_wconf 85' lang='lat' dir='ltr'>inprimis,</span> <span class='ocrx_word' id='word_1_8' title='bbox 545 493 646 554; x_wconf 86' lang='lat' dir='ltr'>omnis</span> <span class='ocrx_word' id='word_1_9' title='bbox 673 491 753 552; x_wconf 89' lang='lat' dir='ltr'>mihi</span> <span class='ocrx_word' id='word_1_10' title='bbox 778 513 872 554; x_wconf 82' lang='lat' dir='ltr'>eausa</span> 
     </span>
     <span class='ocr_line' id='line_1_3' title="bbox 124 575 654 660; baseline 0.002 -25"><span class='ocrx_word' id='word_1_11' title='bbox 124 594 126 606; x_wconf 90' lang='grc'><em>·</em></span> <span class='ocrx_word' id='word_1_12' title='bbox 486 575 654 660; x_wconf 78' lang='lat' dir='ltr'>querelae,</span> 
     </span>
     <span class='ocr_line' id='line_1_4' title="bbox 147 657 867 744; baseline 0 -24"><span class='ocrx_word' id='word_1_13' title='bbox 147 659 284 734; x_wconf 82' lang='lat' dir='ltr'>Veneat,</span> <span class='ocrx_word' id='word_1_14' title='bbox 308 657 492 744; x_wconf 85' lang='lat' dir='ltr'>etpedibus</span> <span class='ocrx_word' id='word_1_15' title='bbox 512 658 638 720; x_wconf 85' lang='lat' dir='ltr'>vincula</span> <span class='ocrx_word' id='word_1_16' title='bbox 657 658 731 720; x_wconf 87' lang='lat' dir='ltr'>bina</span> <span class='ocrx_word' id='word_1_17' title='bbox 748 657 867 720; x_wconf 80' lang='lat' dir='ltr'>trahat.</span> 
     </span>
     <span class='ocr_line' id='line_1_5' title="bbox 107 741 867 828; baseline 0 -26"><span class='ocrx_word' id='word_1_18' title='bbox 107 741 231 804; x_wconf 81' lang='lat' dir='ltr'>Indixit</span> <span class='ocrx_word' id='word_1_19' title='bbox 249 741 349 828; x_wconf 80' lang='lat' dir='ltr'>leges.</span> <span class='ocrx_word' id='word_1_20' title='bbox 371 742 551 827; x_wconf 83' lang='lat' dir='ltr'>Respondi,</span> <span class='ocrx_word' id='word_1_21' title='bbox 568 745 639 826; x_wconf 79' lang='lat' dir='ltr'>Ego</span> <span class='ocrx_word' id='word_1_22' title='bbox 650 741 774 827; x_wconf 83' lang='lat' dir='ltr'>legibus</span> <span class='ocrx_word' id='word_1_23' title='bbox 784 756 867 803; x_wconf 88' lang='lat' dir='ltr'>utar.</span> 
     </span>
     <span class='ocr_line' id='line_1_6' title="bbox 1 825 787 913; baseline -0.001 -27"><span class='ocrx_word' id='word_1_24' title='bbox 1 825 2 844; x_wconf 74' lang='lat'>³</span> <span class='ocrx_word' id='word_1_25' title='bbox 147 827 276 887; x_wconf 84' lang='lat' dir='ltr'>Riserat</span> <span class='ocrx_word' id='word_1_26' title='bbox 292 825 429 913; x_wconf 85' lang='lat' dir='ltr'>imperio</span> <span class='ocrx_word' id='word_1_27' title='bbox 446 828 531 886; x_wconf 85' lang='lat' dir='ltr'>facta</span> <span class='ocrx_word' id='word_1_28' title='bbox 548 825 683 912; x_wconf 90' lang='lat' dir='ltr'>superba</span> <span class='ocrx_word' id='word_1_29' title='bbox 699 825 787 886; x_wconf 89' lang='lat' dir='ltr'>dato.</span> 
     </span>
    </p>
   </div>
   <div class='ocr_carea' id='block_1_3' title="bbox 1 897 868 994">
    <p class='ocr_par' dir='ltr' id='par_1_3' title="bbox 1 897 868 994">
     <span class='ocr_line' id='line_1_7' title="bbox 1 897 868 994; baseline 0 -24"><span class='ocrx_word' id='word_1_30' title='bbox 1 897 3 929; x_wconf 56' lang='lat'><em>¹</em></span> <span class='ocrx_word' id='word_1_31' title='bbox 106 909 195 971; x_wconf 87' lang='lat' dir='ltr'>Dein</span> <span class='ocrx_word' id='word_1_32' title='bbox 210 929 429 994; x_wconf 84' lang='lat' dir='ltr'>quemcunque</span> <span class='ocrx_word' id='word_1_33' title='bbox 443 908 549 970; x_wconf 88' lang='lat' dir='ltr'>locum</span> <span class='ocrx_word' id='word_1_34' title='bbox 567 923 718 970; x_wconf 81' lang='lat' dir='ltr'>externae</span> <span class='ocrx_word' id='word_1_35' title='bbox 730 909 868 993; x_wconf 84' lang='lat' dir='ltr'>tetigere</span> 
     </span>
    </p>
   </div>
   <div class='ocr_carea' id='block_1_4' title="bbox 46 991 866 1576">
    <p class='ocr_par' dir='ltr' id='par_1_4' title="bbox 46 991 866 1576">
     <span class='ocr_line' id='line_1_8' title="bbox 484 991 633 1078; baseline 0.007 -25"><span class='ocrx_word' id='word_1_36' title='bbox 484 991 633 1078; x_wconf 83' lang='lat' dir='ltr'>puellae,</span> 
     </span>
     <span class='ocr_line' id='line_1_9' title="bbox 147 1075 774 1161; baseline 0.002 -25"><span class='ocrx_word' id='word_1_37' title='bbox 147 1075 278 1149; x_wconf 78' lang='lat' dir='ltr'>snffiir,</span> <span class='ocrx_word' id='word_1_38' title='bbox 297 1089 329 1136; x_wconf 90' lang='lat' dir='ltr'>et</span> <span class='ocrx_word' id='word_1_39' title='bbox 344 1076 425 1160; x_wconf 74' lang='lat' dir='ltr'>puri</span> <span class='ocrx_word' id='word_1_40' title='bbox 440 1075 550 1137; x_wconf 85' lang='lat' dir='ltr'>limina</span> <span class='ocrx_word' id='word_1_41' title='bbox 565 1075 664 1161; x_wconf 84' lang='lat' dir='ltr'>tergit</span> <span class='ocrx_word' id='word_1_42' title='bbox 682 1076 774 1160; x_wconf 73' lang='lat' dir='ltr'>aqui.</span> 
     </span>
     <span class='ocr_line' id='line_1_10' title="bbox 46 1155 864 1300; baseline -0.001 -81"><span class='ocrx_word' id='word_1_43' title='bbox 46 1210 49 1219; x_wconf 86' lang='lat'><em>.</em></span> <span class='ocrx_word' id='word_1_44' title='bbox 103 1159 247 1300; x_wconf 73' lang='lat' dir='ltr'>Imperat</span> <span class='ocrx_word' id='word_1_45' title='bbox 264 1171 298 1218; x_wconf 83' lang='lat' dir='ltr'>et</span> <span class='ocrx_word' id='word_1_46' title='bbox 313 1171 400 1218; x_wconf 84' lang='lat' dir='ltr'>totas</span> <span class='ocrx_word' id='word_1_47' title='bbox 418 1159 533 1219; x_wconf 88' lang='lat' dir='ltr'>iterum</span> <span class='ocrx_word' id='word_1_48' title='bbox 551 1172 674 1220; x_wconf 88' lang='lat' dir='ltr'>mutare</span> <span class='ocrx_word' id='word_1_49' title='bbox 691 1155 864 1234; x_wconf 80' lang='lat' dir='ltr'>lacernas,&#39;</span> 
     </span>
     <span class='ocr_line' id='line_1_11' title="bbox 74 1241 866 1326; baseline 0.003 -26"><span class='ocrx_word' id='word_1_50' title='bbox 74 1273 76 1282; x_wconf 75' lang='lat'>=</span> <span class='ocrx_word' id='word_1_51' title='bbox 177 1259 275 1324; x_wconf 80' lang='lat' dir='ltr'>etque</span> <span class='ocrx_word' id='word_1_52' title='bbox 298 1259 403 1302; x_wconf 84' lang='lat' dir='ltr'>meum</span> <span class='ocrx_word' id='word_1_53' title='bbox 427 1241 537 1326; x_wconf 85' lang='lat' dir='ltr'>tetigit</span> <span class='ocrx_word' id='word_1_54' title='bbox 560 1242 688 1302; x_wconf 86' lang='lat' dir='ltr'>sulfuris</span> <span class='ocrx_word' id='word_1_55' title='bbox 714 1243 788 1326; x_wconf 86' lang='lat' dir='ltr'>igne</span> <span class='ocrx_word' id='word_1_56' title='bbox 815 1262 866 1303; x_wconf 88' lang='lat' dir='ltr'>ca·</span> 
     </span>
     <span class='ocr_line' id='line_1_12' title="bbox 293 1338 553 1393; baseline 0.008 -10"><span class='ocrx_word' id='word_1_57' title='bbox 293 1382 297 1393; x_wconf 83' lang='grc'><em>,</em></span> <span class='ocrx_word' id='word_1_58' title='bbox 507 1338 553 1385; x_wconf 78' lang='lat' dir='ltr'>ut·</span> 
     </span>
     <span class='ocr_line' id='line_1_13' title="bbox 92 1347 864 1493; baseline 0.003 -26"><span class='ocrx_word' id='word_1_59' title='bbox 92 1389 213 1488; x_wconf 54' lang='lat' dir='ltr'>‘Atque</span> <span class='ocrx_word' id='word_1_60' title='bbox 232 1407 277 1466; x_wconf 90' lang='lat' dir='ltr'>ita</span> <span class='ocrx_word' id='word_1_61' title='bbox 294 1419 419 1467; x_wconf 87' lang='lat' dir='ltr'>mutato</span> <span class='ocrx_word' id='word_1_62' title='bbox 436 1347 504 1492; x_wconf 65' lang='lat' dir='ltr'>pei³</span> <span class='ocrx_word' id='word_1_63' title='bbox 512 1407 635 1492; x_wconf 83' lang='lat' dir='ltr'>singula</span> <span class='ocrx_word' id='word_1_64' title='bbox 652 1406 749 1493; x_wconf 86' lang='lat' dir='ltr'>pallia</span> <span class='ocrx_word' id='word_1_65' title='bbox 763 1408 864 1484; x_wconf 86' lang='lat' dir='ltr'>lecto,</span> 
     </span>
     <span class='ocr_line' id='line_1_14' title="bbox 146 1488 865 1576; baseline 0.003 -26"><span class='ocrx_word' id='word_1_66' title='bbox 146 1489 191 1550; x_wconf 84' lang='lat' dir='ltr'>Et</span> <span class='ocrx_word' id='word_1_67' title='bbox 209 1488 332 1576; x_wconf 74' lang='lat' dir='ltr'>sponda</span> <span class='ocrx_word' id='word_1_68' title='bbox 354 1502 387 1550; x_wconf 93' lang='lat' dir='ltr'>et</span> <span class='ocrx_word' id='word_1_69' title='bbox 404 1503 478 1551; x_wconf 89' lang='lat' dir='ltr'>toto</span> <span class='ocrx_word' id='word_1_70' title='bbox 496 1493 653 1553; x_wconf 89' lang='lat' dir='ltr'>movimus</span> <span class='ocrx_word' id='word_1_71' title='bbox 675 1511 759 1554; x_wconf 87' lang='lat' dir='ltr'>arma</span> <span class='ocrx_word' id='word_1_72' title='bbox 778 1506 865 1552; x_wconf 83' lang='lat' dir='ltr'>toro.</span> 
     </span>
    </p>
   </div>
   <div class='ocr_carea' id='block_1_5' title="bbox 303 1815 669 1882">
    <p class='ocr_par' dir='ltr' id='par_1_5' title="bbox 303 1815 669 1882">
     <span class='ocr_line' id='line_1_15' title="bbox 303 1815 669 1882; baseline -0.008 0"><span class='ocrx_word' id='word_1_73' title='bbox 303 1815 567 1882; x_wconf 80' lang='lat' dir='ltr'><strong>ELEGIA</strong></span> <span class='ocrx_word' id='word_1_74' title='bbox 608 1818 669 1880; x_wconf 88' lang='lat' dir='ltr'>IX.</span> 
     </span>
    </p>
   </div>
   <div class='ocr_carea' id='block_1_6' title="bbox 99 1905 952 3062">
    <p class='ocr_par' dir='ltr' id='par_1_6' title="bbox 105 1905 872 2074">
     <span class='ocr_line' id='line_1_16' title="bbox 121 1905 134 1944; baseline 0 0"><span class='ocrx_word' id='word_1_75' title='bbox 121 1905 134 1944; x_wconf 71' lang='lat' dir='ltr'>t</span> 
     </span>
     <span class='ocr_line' id='line_1_17' title="bbox 105 1953 872 2074; baseline 0 -26"><span class='ocrx_word' id='word_1_76' title='bbox 105 1953 433 2074; x_wconf 81' lang='lat' dir='ltr'>Amphitryoniades</span> <span class='ocrx_word' id='word_1_77' title='bbox 459 1985 520 2072; x_wconf 68' lang='lat' dir='ltr'>qui</span> <span class='ocrx_word' id='word_1_78' title='bbox 546 1997 737 2071; x_wconf 77' lang='lat' dir='ltr'>tempestate</span> <span class='ocrx_word' id='word_1_79' title='bbox 758 1987 872 2067; x_wconf 84' lang='lat' dir='ltr'>juven·</span> 
     </span>
    </p>

    <p class='ocr_par' dir='ltr' id='par_1_7' title="bbox 99 2089 952 3062">
     <span class='ocr_line' id='line_1_18' title="bbox 150 2089 797 2238; baseline -0.008 -21"><span class='ocrx_word' id='word_1_80' title='bbox 150 2155 271 2238; x_wconf 87' lang='lat' dir='ltr'>Egerat</span> <span class='ocrx_word' id='word_1_81' title='bbox 288 2174 305 2213; x_wconf 87' lang='lat' dir='ltr'>a</span> <span class='ocrx_word' id='word_1_82' title='bbox 324 2152 475 2229; x_wconf 84' lang='lat' dir='ltr'>stabulis,</span> <span class='ocrx_word' id='word_1_83' title='bbox 489 2089 694 2232; x_wconf 65' lang='lat' dir='ltr'>cnoiirythea‚</span> <span class='ocrx_word' id='word_1_84' title='bbox 713 2153 797 2228; x_wconf 79' lang='lat' dir='ltr'>tuis,</span> 
     </span>
     <span class='ocr_line' id='line_1_19' title="bbox 111 2233 871 2323; baseline -0.013 -22"><span class='ocrx_word' id='word_1_85' title='bbox 111 2239 211 2300; x_wconf 87' lang='lat' dir='ltr'>Venit</span> <span class='ocrx_word' id='word_1_86' title='bbox 230 2237 269 2298; x_wconf 87' lang='lat' dir='ltr'>ad</span> <span class='ocrx_word' id='word_1_87' title='bbox 287 2235 619 2299; x_wconf 80' lang='lat' dir='ltr'>invictos·nernorosa</span> <span class='ocrx_word' id='word_1_88' title='bbox 637 2233 757 2296; x_wconf 84' lang='lat' dir='ltr'>Palatia</span> <span class='ocrx_word' id='word_1_89' title='bbox 780 2254 871 2323; x_wconf 69' lang='lat' dir='ltr'>mqn.</span> 
     </span>
     <span class='ocr_line' id='line_1_20' title="bbox 149 2334 868 2488; baseline -0.006 -22"><span class='ocrx_word' id='word_1_90' title='bbox 149 2405 193 2466; x_wconf 85' lang='lat' dir='ltr'>Et</span> <span class='ocrx_word' id='word_1_91' title='bbox 212 2404 323 2464; x_wconf 78' lang='lat' dir='ltr'>statuit</span> <span class='ocrx_word' id='word_1_92' title='bbox 338 2365 463 2479; x_wconf 78' lang='lat' dir='ltr'>iessos,</span> <span class='ocrx_word' id='word_1_93' title='bbox 481 2334 584 2464; x_wconf 58' lang='lat' dir='ltr'>igitir</span> <span class='ocrx_word' id='word_1_94' title='bbox 601 2416 634 2464; x_wconf 90' lang='lat' dir='ltr'>et</span> <span class='ocrx_word' id='word_1_95' title='bbox 651 2403 734 2488; x_wconf 87' lang='lat' dir='ltr'>ipse,</span> <span class='ocrx_word' id='word_1_96' title='bbox 753 2401 868 2479; x_wconf 88' lang='lat' dir='ltr'>boves,</span> 
     </span>
     <span class='ocr_line' id='line_1_21' title="bbox 111 2485 952 2574; baseline -0.005 -24"><span class='ocrx_word' id='word_1_97' title='bbox 111 2489 183 2571; x_wconf 68' lang='lat' dir='ltr'>Qut</span> <span class='ocrx_word' id='word_1_98' title='bbox 194 2487 333 2550; x_wconf 87' lang='lat' dir='ltr'>Velabra</span> <span class='ocrx_word' id='word_1_99' title='bbox 353 2507 412 2549; x_wconf 86' lang='lat' dir='ltr'>suo</span> <span class='ocrx_word' id='word_1_100' title='bbox 431 2485 619 2574; x_wconf 85' lang='lat' dir='ltr'>stagnabant</span> <span class='ocrx_word' id='word_1_101' title='bbox 635 2485 776 2562; x_wconf 84' lang='lat' dir='ltr'>flumine,</span> <span class='ocrx_word' id='word_1_102' title='bbox 795 2487 870 2572; x_wconf 72' lang='lat' dir='ltr'>qua·</span> <span class='ocrx_word' id='word_1_103' title='bbox 948 2545 952 2554; x_wconf 85' lang='grc'><em>,</em></span> 
     </span>
     <span class='ocr_line' id='line_1_22' title="bbox 149 2590 900 2739; baseline 0 -24"><span class='ocrx_word' id='word_1_104' title='bbox 149 2652 258 2716; x_wconf 85' lang='lat' dir='ltr'>Nauta</span> <span class='ocrx_word' id='word_1_105' title='bbox 277 2673 335 2739; x_wconf 89' lang='lat' dir='ltr'>per</span> <span class='ocrx_word' id='word_1_106' title='bbox 355 2590 686 2724; x_wconf 57' lang='lat' dir='ltr'>utus-qiilificsbar</span> <span class='ocrx_word' id='word_1_107' title='bbox 701 2606 830 2739; x_wconf 69' lang='lat' dir='ltr'>aquas.=</span> <span class='ocrx_word' id='word_1_108' title='bbox 895 2662 900 2686; x_wconf 80' lang='lat'>¹</span> 
     </span>
     <span class='ocr_line' id='line_1_23' title="bbox 99 2727 825 2823; baseline -0.001 -23"><span class='ocrx_word' id='word_1_109' title='bbox 99 2727 174 2800; x_wconf 71' lang='lat' dir='ltr'>*Sea</span> <span class='ocrx_word' id='word_1_110' title='bbox 190 2757 256 2798; x_wconf 89' lang='lat' dir='ltr'>non</span> <span class='ocrx_word' id='word_1_111' title='bbox 272 2738 372 2802; x_wconf 88' lang='lat' dir='ltr'>infido</span> <span class='ocrx_word' id='word_1_112' title='bbox 391 2752 571 2799; x_wconf 80' lang='lat' dir='ltr'>manserunt</span> <span class='ocrx_word' id='word_1_113' title='bbox 588 2736 720 2823; x_wconf 79' lang='lat' dir='ltr'>hospite</span> <span class='ocrx_word' id='word_1_114' title='bbox 737 2733 825 2802; x_wconf 82' lang='lat' dir='ltr'>Caco</span> 
     </span>
     <span class='ocr_line' id='line_1_24' title="bbox 148 2819 816 2908; baseline 0.001 -26"><span class='ocrx_word' id='word_1_115' title='bbox 148 2819 350 2886; x_wconf 80' lang='lat' dir='ltr'>Incolumest</span> <span class='ocrx_word' id='word_1_116' title='bbox 373 2822 461 2883; x_wconf 81' lang='lat' dir='ltr'>furto</span> <span class='ocrx_word' id='word_1_117' title='bbox 481 2819 601 2908; x_wconf 87' lang='lat' dir='ltr'>polluit</span> <span class='ocrx_word' id='word_1_118' title='bbox 616 2819 673 2881; x_wconf 86' lang='lat' dir='ltr'>ille</span> <span class='ocrx_word' id='word_1_119' title='bbox 689 2821 816 2885; x_wconf 84' lang='lat' dir='ltr'>Iovem.</span> 
     </span>
     <span class='ocr_line' id='line_1_25' title="bbox 106 2903 909 3005; baseline -0.002 -38"><span class='ocrx_word' id='word_1_120' title='bbox 106 2905 218 2968; x_wconf 86' lang='lat' dir='ltr'>Incola</span> <span class='ocrx_word' id='word_1_121' title='bbox 242 2903 345 2966; x_wconf 85' lang='lat' dir='ltr'>Cacus</span> <span class='ocrx_word' id='word_1_122' title='bbox 370 2918 464 2980; x_wconf 84' lang='lat' dir='ltr'>erat,</span> <span class='ocrx_word' id='word_1_123' title='bbox 494 2904 667 2969; x_wconf 84' lang='lat' dir='ltr'>metuendo</span> <span class='ocrx_word' id='word_1_124' title='bbox 690 2919 801 2992; x_wconf 86' lang='lat' dir='ltr'>raptor</span> <span class='ocrx_word' id='word_1_125' title='bbox 828 2904 866 2965; x_wconf 83' lang='lat' dir='ltr'>ab</span> <span class='ocrx_word' id='word_1_126' title='bbox 905 2991 909 3005; x_wconf 34' lang='grc' dir='ltr'>ι</span> 
     </span>
     <span class='ocr_line' id='line_1_26' title="bbox 483 3001 594 3062; baseline 0 -14"><span class='ocrx_word' id='word_1_127' title='bbox 483 3001 594 3062; x_wconf 85' lang='lat' dir='ltr'>antro,</span> 
     </span>
    </p>
   </div>
   <div class='ocr_carea' id='block_1_7' title="bbox 150 3070 827 3159">
    <p class='ocr_par' dir='ltr' id='par_1_8' title="bbox 150 3070 827 3159">
     <span class='ocr_line' id='line_1_27' title="bbox 150 3070 827 3159; baseline -0.004 -25"><span class='ocrx_word' id='word_1_128' title='bbox 150 3073 210 3136; x_wconf 86' lang='lat' dir='ltr'>Per</span> <span class='ocrx_word' id='word_1_129' title='bbox 229 3072 290 3136; x_wconf 78' lang='lat' dir='ltr'>tria</span> <span class='ocrx_word' id='word_1_130' title='bbox 308 3073 446 3159; x_wconf 83' lang='lat' dir='ltr'>partitos</span> <span class='ocrx_word' id='word_1_131' title='bbox 465 3071 520 3158; x_wconf 88' lang='lat' dir='ltr'>qui</span> <span class='ocrx_word' id='word_1_132' title='bbox 537 3070 631 3135; x_wconf 81' lang='lat' dir='ltr'>dabat</span> <span class='ocrx_word' id='word_1_133' title='bbox 651 3090 707 3135; x_wconf 85' lang='lat' dir='ltr'>ora</span> <span class='ocrx_word' id='word_1_134' title='bbox 723 3071 827 3133; x_wconf 83' lang='lat' dir='ltr'>focos.</span> 
     </span>
    </p>
   </div>
   <div class='ocr_carea' id='block_1_8' title="bbox 157 3323 191 3348">
    <p class='ocr_par' dir='ltr' id='par_1_9' title="bbox 157 3323 191 3348">
     <span class='ocr_line' id='line_1_28' title="bbox 157 3323 191 3348; baseline 0 -4"><span class='ocrx_word' id='word_1_135' title='bbox 157 3323 191 3348; x_wconf 55' lang='lat' dir='ltr'><em>fl</em></span> 
     </span>
    </p>
   </div>
   <div class='ocr_carea' id='block_1_9' title="bbox 0 0 1116 3724">
    <p class='ocr_par' dir='ltr' id='par_1_10' title="bbox 0 0 1116 3724">
     <span class='ocr_line' id='line_1_29' title="bbox 0 0 1116 3724; baseline 0 0"><span class='ocrx_word' id='word_1_136' title='bbox 0 0 1116 3724; x_wconf 95' lang='lat' dir='ltr'> </span> 
     </span>
    </p>
   </div>
  </div>
 </body>
</html>
