2264 3726
527 293 612 338 ι’
752 339 758 348 .

305 417 515 482 LIBER
565 422 651 485 IV.'
721 425 841 506 ‚575

79 545 223 605 Buccina
239 545 373 627 cogebat
388 547 509 631 priscos
519 545 558 608 ad
571 542 668 610 uerba
679 547 820 631 Quirites
832 572 843 628 3

126 625 261 688 Centum
279 628 326 688 illi
341 631 374 689 in
388 645 480 716 prato
493 652 586 715 saepe
597 631 730 691 Senatus
741 649 839 694 erant.

77 710 155 770 Nec
172 713 298 772 sinuosa
317 733 395 775 cavo
412 713 570 799 padebant
588 713 658 774 vela
670 708 796 777 theatro
805 739 816 794 3

93 833 97 844 «
123 794 250 880 Pulpita
268 794 424 862 solemnes
441 817 506 857 non
525 796 635 858 oluere
652 817 775 860 crocos.

77 877 173 938 Nulli
189 899 263 938 cura
280 880 344 938 fuit
362 893 511 942 externos
530 901 679 965 quaerere
697 882 817 955 Divos,

124 959 477 1047 Climtremeretpatrio
511 961 624 1026 endula
635 964 725 1024 turba
737 985 836 1027 sacro.
891 1031 895 1038 ,

76 1042 256 1126 Annuaque
274 1065 405 1106 accenso
423 989 582 1106 celebrate
599 1046 708 1108 Palilia
724 1051 835 1122 foeno,

123 1127 240 1208 Qualia
255 1148 337 1186 nunc
354 1141 445 1189 curto
459 1127 557 1190 lustra
572 1145 729 1192 novantur
740 1152 834 1230 equo.

78 1209 181 1270 Vesta
198 1211 360 1269 coronatis
379 1231 499 1297 pauper
517 1213 672 1296 gaudebat
690 1213 793 1275 asellis
803 1238 813 1293 3

120 1291 291 1351 Ducebant
309 1313 430 1354 macrae
451 1293 527 1355 vilia
545 1315 630 1356 sacra
646 1296 757 1359 boves.

10 1425 13 1438 .
77 1373 180 1434 Parva
195 1376 517 1456 saginatilustrabaut
534 1399 604 1440 com
630 1379 674 1440 ita
688 1383 799 1465 parcit

121 1457 233 1520 Pastor
249 1473 282 1516 et
301 1459 339 1518 ad
359 1459 495 1522 calamos
514 1476 587 1521 exta
603 1403 714 1524 litabat
730 1467 812 1525 ovis.

79 1539 223 1602 Verbera
240 1541 372 1626 pellitus
392 1557 497 1604 setosa
515 1547 663 1606 movebat
680 1561 805 1621 arator,

43 1627 47 1634 '
121 1623 212 1684 Unde
223 1623 320 1686 licens
330 1625 446 1687 Fabius
456 1647 544 1688 sacra
555 1629 600 1688 Lu
625 1649 713 1689 eacus
724 1627 831 1692 habet.

79 1705 151 1769 Nec
165 1709 252 1770 rudis
268 1711 393 1770 infestis
409 1709 500 1770 miles
516 1651 657 1771 radiabat
674 1713 706 1770 in
722 1718 812 1774 armis
821 1735 832 1791 3

21 1789 27 1814 ⁸
119 1791 302 1854 Miscebant
319 1796 389 1854 ustal
404 1793 528 1878 proelia
546 1793 627 1852 nuda
644 1794 731 1854 sude.

77 1873 179 1935 Prima
196 1875 346 1957 galeritus
364 1877 474 1960 posuit
491 1877 653 1960 praetoria
672 1877 810 1940 Luemos

119 1955 303 2045 Magnaque
327 1981 400 2047 pars
428 1960 523 2021 Tatio
547 1977 649 2052 serum
669 1974 735 2020 erat
752 1961 833 2021 int‘et

458 2063 549 2105 oves.
787 2103 794 2123 x

80 2123 164 2184 Hinc
181 2125 304 2188 Titiens
321 2127 520 2269 Ramnesqule
538 2125 619 2224 viti,
636 2125 834 2209 Lucesesque

456 2230 495 2271 co
511 2231 584 2272 onst

122 2289 268 2374 Quatuor
284 2291 358 2353 hinc
375 2291 463 2355 albos
478 2290 632 2355 Romulus
643 2292 831 2375 egit'equos.

82 2372 210 2460 Quippe
226 2375 422 2444 suburbanae
437 2380 534 2478 parvi
552 2377 652 2438 minus
673 2374 751 2435 urbe
768 2375 834 2485 Bo·

119 2540 172 2614 Et,
190 2541 244 2624 qui
260 2460 601 2619 nununulli‚llidiilrba
618 2541 708 2602 turba
719 2541 831 2618 Gabii;

80 2624 121 2684 Et
144 2625 233 2686 stetit
253 2623 334 2686 Alba
356 2639 496 2714 potans,
523 2626 612 2688 albae
635 2627 700 2688 suis
726 2624 837 2687 omins‘

120 2789 206 2864 Has,
220 2791 276 2852 ubi
294 2790 427 2854 Fidenas
443 2725 623 2878 lbblgad’erat
641 2793 707 2865 ire,
724 2793 789 2855 viai.

80 2869 134 2932 Nil
150 2875 306 2958 patrium,
326 2877 388 2936 nisi
405 2897 539 2951 nomen,
559 2877 654 2942 habet
670 2878 831 2940 Romanus

455 2960 613 3022 alumnutt
827 3027 829 3033 ,

51 3077 55 3086 ·
121 3039 287 3126 Sanguinis
313 3040 453 3106 altricem
478 3065 560 3104 nunc
580 3043 681 3130 pudet
697 3063 766 3108 esse
783 3041 831 3104 lu·

453 3147 537 3213 pain.
