2264 3726
259 329 320 389 500
435 315 829 416 anorsnm

203 425 211 449 l
259 451 360 512 Unica
383 463 456 512 nata
475 471 548 512 meo
567 449 778 536 pulcherrima
799 469 872 510 cura
892 450 1033 529 dolori,

298 534 450 596 Excludit
470 535 617 619 quoniam
635 555 703 594 sors
727 553 816 608 mea,
843 555 945 620 saepe
965 559 1030 599 ve·

631 639 694 679 ms.

257 700 323 762 Ista
344 703 420 761 meis
439 703 495 761 fiet
513 701 677 762 notissima
693 701 797 762 forma
813 699 956 764 libellis:

298 781 416 858 Calve,
435 788 489 844 tui
504 785 612 860 νεώς
639 805 736 870 pace,
756 782 901 859 Catulle,
927 787 1000 848 tui.

256 865 355 926 Miles
374 867 529 951 depositis
548 886 682 928 annosus
701 867 830 926 secubat
845 869 941 928 armis
954 910 976 944 „

228 999 234 1012 .
297 949 538 1034 Grandaevique
561 965 678 1036 negant
702 949 816 1010 ducere
834 964 940 1023 aratra
957 953 1023 1015 bo.

634 1053 710 1096 ves:

252 1114 356 1176 Putris
372 1118 453 1177 etin
471 1115 569 1178 vacui
587 1118 758 1200 requiescit
775 1119 864 1180 navis
878 1113 990 1193 areni,

294 1201 337 1258 Et
354 1214 446 1263 vetus
465 1201 498 1260 in
517 1199 639 1286 templo
657 1200 772 1260 bellica
787 1221 895 1285 parma
904 1217 1015 1263 vacat.

254 1280 297 1342 At
323 1303 372 1344 me
397 1284 434 1343 ab
463 1303 569 1346 amore
591 1297 648 1346 tuo
666 1282 802 1344 deducet
818 1283 904 1344 nulla
921 1305 1018 1346 seue·
1106 1339 1107 1346 ,

633 1381 724 1441 ctus,

293 1447 369 1512 Sive
387 1471 404 1510 e
428 1469 448 1510 o
468 1450 638 1525 Tithonus,
656 1453 723 1511 sive
735 1470 796 1534 ego
806 1447 840 1510 N
842 1454 929 1512 esto'r
940 1471 1013 1514 eto.

181 1541 192 1548 “
252 1529 294 1593 Et
311 1533 338 1591 si
354 1473 436 1592 secla
453 1535 561 1622 forent
576 1535 714 1617 antiquis
734 1547 821 1618 grata
835 1533 976 1620 puellis,

282 1615 402 1694 ,Essem
421 1635 498 1699 ego,
512 1615 599 1699 quod
614 1637 696 1678 nuno
708 1631 758 1677 tu:
777 1631 922 1703 tempore
938 1620 1013 1679 vin-

395 1721 399 1726 ·
631 1719 778 1760 coreo.

251 1775 328 1842 Non
344 1783 525 1848 tamemista
543 1801 631 1843 meos
648 1723 812 1843 mutaliunt
824 1782 1010 1847 seculamo·

628 1887 689 1926 res.

292 1947 515 2034 Unusquisque
534 1950 588 2011 sui
610 1951 736 2011 noverit
755 1950 801 2009 ire
818 1949 882 2011 via.
917 1981 928 1996 ι

250 2027 368 2094 Nonne
384 2035 446 2094 fuit
463 2035 559 2094 satius
578 2032 657 2094 duio
675 2033 794 2094 servire
815 2033 978 2113 tyrano?

290 2117 340 2174 Et
352 2137 478 2201 gemere
494 2119 527 2178 in
543 2132 647 2190 tauro,
666 2135 759 2177 saeve
775 2115 1005 2190 Perille,tu02

131 2249 134 2256 ,
152 2200 159 2206 ’
232 2196 408 2282 Gorgonis
427 2213 459 2260 et
476 2201 572 2264 satius
588 2200 651 2258 fuit
668 2197 879 2260 obdurescere
889 2200 1006 2262 vultu?

93 2293 101 2304 ”
292 2279 459 2343 Caucasias
478 2285 572 2342 etiam
589 2283 615 2341 si
631 2297 811 2367 pateremur
827 2281 928 2344 aves?

248 2361 312 2424 Sed
327 2379 430 2429 tamen
448 2365 618 2426 obsistam:
641 2367 755 2426 teritur
770 2367 914 2452 robigine
932 2390 1001 2428 mu·
1016 2429 1020 2435 ,

628 2469 681 2511 cro

287 2529 441 2606 Ferreus,
463 2544 495 2592 et
511 2551 612 2615 parvo
631 2530 766 2618 saepe'li
790 2553 868 2594 uore
885 2531 978 2594 silex.

246 2608 290 2672 At
306 2611 394 2682 nullo
410 2610 556 2676 dominae
573 2616 687 2677 teritur
701 2555 882 2678 sublimine
900 2637 998 2693 amor,

648 2723 680 2760 ui
731 2741 736 2746 -

286 2777 411 2854 Restat,
430 2793 462 2840 et
477 2723 783 2846 immeritaqsustinet
798 2805 871 2845 aure
887 2779 998 2846 minas.

129 2857 133 2875 ”
196 2915 202 2929 s
247 2861 339 2923 Ultro
364 2876 541 2928 contemtus
562 2881 673 2956 rogat,
699 2881 732 2928 et
752 2867 901 2955 peccasse
916 2870 998 2928 fate-

626 2965 677 3012 tut

285 3031 424 3108 Laesus,
447 3035 604 3098 etinvitis
619 3036 689 3122 ipse
703 3034 787 3098 redit
804 3033 950 3120 pedibus.
