2264 3726
563 275 572 302 Q

336 367 673 430 ursuu1u‘
793 341 870 450 ·ms

137 569 155 600 Ι

311 656 574 718 'ELEGIA
620 657 667 718 ΙΙ.

100 791 217 910 Quid
235 826 347 886 mirare
364 843 448 885 meas
465 836 515 886 tot
530 825 642 952 inquno
653 826 865 910 corporefor-

486 927 574 968 mas.

149 992 273 1078 Accipe
289 991 455 1052 Vertumni
477 991 565 1074 signa
582 1004 711 1074 paterna
724 991 804 1054 Dei·
829 987 831 996 ’

61 1073 64 1078 '
107 1075 234 1136 Tuscus
251 1092 326 1158 ego,
346 1087 378 1134 et
396 1061 507 1170 Tuscis
525 1075 632 1136 orior:
650 1095 708 1134 nec
717 1075 893 1160 poenitet.

485 1170 568 1216 mter
867 1179 868 1186 ¹
899 1205 902 1213 ,

151 1238 277 1302 Proelia
296 1237 455 1302 Volsanos
472 1236 647 1300 deseruisse
664 1241 769 1303 focos.
865 1262 868 1266 ·

103 1322 196 1384 Haec
219 1332 272 1400 me
296 1321 386 1382 turba
407 1323 515 1398 juvat;
538 1343 596 1381 nee
614 1323 735 1410 templo
758 1323 863 1386 laetor

485 1406 625 1466 eburno:

148 1491 326 1552 Romanum
347 1489 423 1550 satis
440 1500 487 1548 est
503 1507 598 1572 posse
615 1489 724 1550 videre
741 1491 859 1565 forum.

104 1571 176 1635 Hinc
200 1572 357 1658 quondam
376 1571 543 1632 Tiberinus
565 1573 626 1632 iter
646 1572 805 1651 faciebam
828 1587 861 1634 et

485 1655 571 1733 ajunt

149 1741 320 1802 Remorum
338 1739 464 1800 auditos
479 1757 539 1822 per
555 1736 635 1798 vada
652 1737 741 1823 pulsa
753 1759 860 1802 sonos.
923 1776 929 1797 =.
957 1813 959 1820 Ι

107 1823 151 1884 At
167 1838 335 1912 postquam
354 1821 409 1883 ille
423 1809 487 1882 suis
498 1833 619 1918 taptum
629 1825 785 1884 concessit
795 1822 862 1884 alu-

482 1924 582 1977 murs,

148 1989 338 2050 Vertumnus
352 1989 449 2053 verso'
462 1986 552 2048 dicor
570 1987 607 2046 ab
626 2007 715 2049 amne
730 1989 833 2048 Deus.

110 2071 193 2148 Seu,
219 2074 292 2157 qnia
314 2071 468 2134 vertentis
489 2071 627 2132 fructum
642 2071 860 2156 praecepimus

484 2175 576 2228 anns,

149 2238 316 2300 Vertumni
332 2259 440 2300 rursus
456 2237 594 2298 creditur
612 2257 680 2299 esse
698 2255 830 2298 sacrum.

83 2319 209 2384 'Prima
236 2320 315 2382 mihi
344 2323 447 2384 variat
478 2320 651 2383 liventibus
677 2341 741 2384 uva
773 2339 860 2381 raee-

482 2427 561 2480 nns‚
606 2453 609 2460 ,

149 2491 190 2551 Et
205 2509 294 2550 coma
310 2485 440 2550 lactenti
457 2509 471 2548 s
494 2489 563 2549 icee
579 2491 671 2572 fruge
686 2499 797 2548 tumet.
866 2552 869 2571 ,

111 2513 172 2633 His
185 2571 291 2634 dulces
309 2591 454 2646 cerasos,
472 2511 526 2633 [ic
548 2571 738 2636 autumnalia
758 2589 860 2656 pruna

152 2654 278 2729 Cernis,
298 2672 331 2718 et
352 2655 475 2718 aestivo
492 2677 579 2719 mora
595 2655 708 2716 rubere
725 2655 789 2716 die.

112 2739 225 2800 Insitor
243 2739 296 2800 hic
314 2739 411 2802 solvit
428 2744 561 2825 porussi
578 2755 655 2802 vote
672 2740 810 2816 cononi,
901 2777 905 2782 ι

151 2819 228 2884 Cum
244 2823 332 2909 pirus
345 2824 449 2888 invito
464 2825 574 2911 stipite
589 2821 671 2884 mela
689 2823 775 2886 tulit.

113 2904 253 2970 Mendax
277 2908 361 2970 fame
383 2927 499 2972 uoces:
522 2909 601 2972 alius
621 2906 701 2970 mihi
721 2905 857 2970 nominis

479 2992 596 3055 index:

147 3074 199 3136 De
216 3093 249 3136 se
267 3078 405 3138 narranti
422 3089 457 3140 tu
473 3076 570 3140 modu
589 3075 683 3137 crede
700 3073 786 3134 Deo.
