2346 3732
248 376 336 438 aa
449 360 813 493 kassuete

277 501 356 564 cem
374 519 494 562 memor
520 512 683 560 anteactos
710 519 834 584 semper
860 501 952 572 dolor
976 503 1031 564 ad-

583 593 587 604 *
652 597 762 644 movet
779 604 887 644 annos.

181 655 192 668 “
275 668 339 729 Sed
356 667 433 749 licet
451 667 613 752 asperiora
631 666 755 740 cadant,
775 666 959 752 spolierque
977 690 1027 730 re-

651 748 757 823 lictis,

275 833 352 895 Non
368 847 400 893 te
420 832 565 914 deficient
580 846 707 894 nostrae
726 853 900 894 memorare
918 833 1031 896 Came·

654 935 724 976 nae.
1018 933 1021 938 ·
1093 977 1098 986 ,

275 998 347 1060 Nec
365 997 466 1060 solima
488 999 547 1060 tibi
562 999 659 1060 Pierii
677 999 854 1058 tribuentur
870 997 1029 1062 honores:
1053 995 1057 1002 ⁴

276 1085 336 1144 Pro
352 1095 384 1144 te
401 1082 453 1145 vel
470 1083 594 1168 rapidas
614 1084 824 1144 ausim.maris
838 1084 888 1144 ire
904 1103 964 1168 per
973 1107 1031 1144 un-

586 1169 588 1174 ’
622 1167 729 1248 'ldas,
959 1219 961 1225 .

276 1247 427 1312 Adversis
444 1247 668 1308 hibernatica
692 1261 833 1310 tumeant
850 1251 934 1310 freta
952 1271 1030 1312 ven·

250 1405 253 1412 ¹
654 1332 693 1391 tis
702 1355 712 1409 3

276 1417 337 1478 Pro
352 1431 386 1476 te
403 1414 454 1476 vel
472 1413 558 1475 solus
577 1413 681 1474 densis
698 1416 868 1476 subsistere
883 1418 1008 1498 turmis,

277 1500 339 1561 Vel
357 1521 487 1586 parvum
505 1499 665 1557 Aetnaeae
691 1513 805 1582 corpus
829 1501 1029 1560 committere

652 1580 806 1642 flammae.

277 1666 352 1726 Sum
369 1664 592 1750 quodcunque,
610 1677 698 1725 tuum
716 1679 782 1726 est:
798 1665 896 1726 nostri
909 1665 950 1724 sit
960 1686 1033 1750 pat·

505 1754 508 1758 ’
655 1747 830 1808 whwm

277 1832 326 1918 Sit
349 1832 430 1906 tibi,
451 1845 565 1916 quanta
585 1830 689 1909 libet3
711 1832 738 1890 si
762 1832 803 1890 sit
826 1830 943 1892 modo:
967 1851 1032 1893 non

310 1969 314 1976 ,
653 1913 731 1973 mihi
748 1935 844 1996 regna

212 2040 214 2053 1
276 1999 390 2079 Lydia,
409 2021 473 2061 non
490 2001 594 2082 magni
612 1999 723 2083 potior
735 1999 776 2058 sit
786 2001 868 2070 fama
878 1997 1027 2140 Gylippi5

276 2085 372 2146 Posse
390 2084 551 2144 Meleteas
569 2103 627 2142 nec
643 2081 768 2140 mallem
786 2082 917 2143 vincere
940 2102 957 2140 c
982 2101 1031 2140 ar·

652 2177 712 2223 tas.
939 2171 941 2176 ’
982 2161 985 2172 ’

278 2235 377 2334 Quod
392 2249 456 2308 tibi
468 2249 496 2308 si
505 2267 614 2310 versus
631 2261 740 2306 noster
757 2259 899 2322 totusve‚
914 2249 1031 2308 minias·

313 2389 315 2392 .
654 2351 732 2403 ve„
804 2346 806 2356 ’

216 2419 218 2438 “
276 2415 338 2477 Vel
360 2414 440 2474 bene
460 2413 501 2471 sit
517 2425 632 2488 notus,
656 2433 777 2474 summo
795 2413 847 2474 vel
863 2415 979 2473 inerret
997 2414 1031 2474 in

567 2565 571 2581 s
654 2515 729 2557 ore:

278 2577 372 2640 Nulla
390 2577 468 2640 mihi
486 2591 625 2638 statuent
641 2579 733 2639 finem
752 2593 784 2640 te
803 2581 868 2639 fata
885 2579 1029 2640 canendi.

277 2663 365 2744 Quin
388 2663 482 2722 etiam
506 2681 576 2722 mea
602 2665 670 2724 ciam
692 2663 831 2724 tumulus
849 2665 1030 2746 contexerit

635 2766 746 2823 sossa3

276 2827 341 2889 Seu
364 2841 484 2888 matura
515 2825 583 2888 dies
609 2829 748 2888 ,celerem
773 2841 926 2915 properat
951 2828 1029 2888 mihi

268 2966 271 2980 ,
651 2929 806 2986 mortem,

190 3047 194 3062 .
275 2997 387 3082 Longa
406 3007 512 3057 manet
533 3017 589 3059 seu
604 2997 690 3073 vita3
713 3009 837 3072 tamen,
855 3007 975 3056 mutata
992 2995 1029 3055 fi-

654 3100 730 3166 gura
