2264 3726
337 377 548 439 LIBER
588 375 673 441 JV.'
764 379 934 460 x577.

112 510 138 568 F
141 506 301 589 eliceaque
320 503 412 585 levia
435 501 559 579 stellae,
579 503 759 586 Martisque
777 521 868 588 rapa·

491 607 557 660 cis,

157 675 198 732 Et
216 692 310 755 grave
328 671 453 732 Saturni
474 669 561 730 sidus
578 671 611 730 in
630 689 723 740 omne
738 681 845 752 caput.

112 756 199 839 Quid
224 767 373 818 moveant
398 755 528 828 Pisces,
555 755 759 836 animosaque
778 753 867 838 signa

466 833 625 912 leonis,

151 917 865 1006 LotusetHesperisiquidCap'ricornusaqui.
952 991 955 999 ¹

107 1004 295 1091 Exemplum
307 1025 401 1088 grave
413 1005 473 1064 erit
488 1000 618 1062 Calchas
631 1026 638 1064 :
655 1023 788 1086 namque
797 1002 864 1061 Au·

486 1084 550 1144 lide
570 1085 668 1146 solvit
728 1153 731 1162 Ι

151 1171 211 1230 Ille
232 1171 313 1230 bene
330 1169 495 1228 haerentes
515 1167 553 1230 ad
570 1171 623 1252 pia
642 1189 717 1230 saxa
734 1181 829 1228 retes.

109 1253 200 1314 Idem
217 1253 495 1394 Agamemnoniael
503 1253 618 1312 ferrum
636 1254 759 1314 cervice
775 1249 865 1336 puel·

498 1355 535 1396 ae

152 1420 281 1494 Tinxit,
301 1433 336 1480 et
352 1419 481 1480 Atrides
500 1417 573 1480 vela
592 1431 719 1479 cruenta
737 1417 836 1478 dedit.
859 1478 862 1488 ,

108 1501 180 1564 Nec
200 1503 324 1564 rediere
347 1517 451 1565 tamen
472 1505 589 1564 Danai.
620 1503 669 1562 Τιι
686 1502 790 1562 diruta
806 1500 862 1560 fle-

488 1599 555 1646 tum

149 1670 336 1756 supprime,
358 1683 390 1731 et
408 1669 571 1730 Euboicos
590 1670 731 1756 respice,
751 1669 860 1748 Troja,

484 1771 582 1811 smus.

108 1835 267 1922 Nauplius
277 1836 398 1898 ultores
409 1833 465 1895 sub
476 1846 600 1894 noctem
611 1835 747 1919 porrigit
762 1817 862 1917 ignes,
960 1894 964 1906 Ι
982 1869 983 1878 1

150 1923 192 1980 Et
208 1934 295 1980 natat
312 1919 437 1980 exuviis
455 1916 587 1976 Graecia
602 1937 709 2001 pressa
727 1919 800 1978 tuis.

108 2001 223 2064 Victor
239 2001 359 2074 Oilide,
375 2021 452 2085 rape
468 2019 562 2072 nunc,
580 2013 612 2060 et
630 1999 727 2083 dilige
745 2014 863 2072 vatem,

152 2085 255 2166 Quam
271 2097 361 2146 vetat
380 2082 475 2143 avelli
494 2095 584 2143 veste
602 2083 752 2142 Minerva
769 2084 834 2142 aui.

109 2167 271 2230 Hactenus
291 2165 458 2229 historiae.
481 2165 575 2228 Nunc
594 2165 633 2227 ad
649 2180 702 2226 tua
722 2161 864 2227 devehor

99 2253 102 2260 “
487 2262 590 2328 astra3

150 2335 261 2418 Incipe
277 2348 313 2395 tu
329 2333 472 2414 lacrymis
491 2355 609 2418 aequus
631 2333 740 2394 adesse
758 2332 863 2394 novis.

109 2418 241 2480 Umbria
260 2432 292 2480 te
309 2419 394 2480 notis
412 2420 540 2502 antiqua
557 2417 724 2503 penatibus
743 2415 821 2476 edit.
863 2421 866 2432 '

150 2501 322 2564 Mentior?
343 2524 381 2564 an
395 2504 517 2588 patriae
535 2519 585 2563 tan
611 2505 674 2562 ‘tur
691 2517 746 2562 ora
764 2496 864 2560 tuae?

111 2586 181 2669 Qui
198 2586 350 2648 nebulosa
367 2607 446 2648 cavo
462 2599 550 2649 rorat
609 2585 720 2646 evania
735 2602 860 2667 campo,

151 2672 191 2732 Et
208 2669 294 2730 lacus
312 2672 441 2732 aestivis
458 2671 581 2755 intepet
598 2667 716 2730 Umber
731 2668 839 2750 aquis,
864 2677 867 2686 '

110 2753 358 2840 scandentisque
377 2755 456 2816 arcis
479 2755 640 2838 consurgit
658 2752 777 2814 vertice
793 2773 861 2812 mu·

484 2859 557 2911 rur,

149 2920 264 2982 Murus
282 2921 320 2982 ab
338 2921 468 3008 ingenio
484 2923 593 2984 notior
609 2920 664 2980 ille
680 2934 750 2981 tuo.

110 3003 252 3088 Ossaque
268 3004 396 3089 legisti,
413 3025 477 3068 non
492 3005 546 3066 illa
565 3017 669 3066 aetate
683 3000 837 3089 legenda,

149 3087 270 3165 Patris,
290 3104 323 3150 et
341 3089 373 3150 in
395 3103 506 3152 tenues
523 3091 647 3176 cogeris
664 3088 733 3172 ipse
752 3088 858 3146 Lares.
