2346 3732
314 323 670 416 f'u1suu112
830 363 940 440 275·

122 485 230 568 Figite
245 494 428 554 uersantes,
449 491 543 563 atque
570 478 650 540 hanc
671 477 750 541 mihi
770 481 888 546 solvite

505 564 625 640 vitam3
702 567 703 571 ’

166 650 300 730 Sanguis
317 648 384 708 erit
399 646 494 706 vobis
510 648 647 706 maxima
664 647 768 730 palma
786 671 885 711 meus.

123 734 179 794 Sic
197 735 295 815 igitur
313 731 415 815 primii
433 731 570 788 moriere
586 745 704 804 aetate,
716 731 887 816 Properti?

167 815 230 876 Sed
245 835 389 874 morere:
414 813 546 872 interitu
564 813 702 898 gaudeat
724 813 776 874 illa
794 829 864 876 tuo.

120 901 279 983 Exagitet
303 909 431 958 nostros
454 915 582 967 manes,
610 910 748 957 sectetur
765 912 799 958 et
816 921 884 972 um-

503 979 597 1053 bras,

164 1065 366 1146 insultetque
383 1061 493 1144 rogis,
511 1061 664 1134 calceiet
684 1081 756 1123 ossa
772 1085 852 1126 mea.
908 1093 912 1102 ¹

118 1148 242 1232 Quid?
273 1167 337 1206 uon
365 1147 547 1229 dntigonae
576 1143 697 1206 tumulo
725 1147 908 1210 Boeotius'

506 1229 652 1288 Haemon

165 1311 295 1373 Corruit
314 1312 382 1396 ipse
401 1331 459 1370 suo
479 1312 603 1370 saucius
621 1326 695 1370 ense
711 1311 819 1375 latus?

120 1400 167 1458 Et
184 1417 239 1456 sus
256 1411 326 1456 cum
347 1396 481 1454 miserae
498 1395 684 1536 {immiscuit
703 1416 773 1456 ossa
792 1397 882 1481 puel·

518 1497 575 1550 ae,

165 1563 236 1645 Qud
253 1561 320 1620 sine
337 1559 519 1622 Thebanam
536 1558 640 1620 noluit
658 1560 703 1620 ire
728 1561 881 1624 domum?

116 1643 185 1708 Sed
204 1664 269 1706 non
280 1643 413 1725 effugies
426 1665 434 1703 ε
449 1663 571 1707 mecum
582 1644 727 1704 moriaris
738 1633 879 1727 opertui.

163 1729 235 1790 Hoc
253 1725 365 1788 eodem
380 1728 467 1788 ferro
484 1725 584 1786 stillet
603 1741 737 1808 uterque
756 1748 860 1790 cruor.

117 1813 275 1898 Quiunvis
293 1811 355 1870 ista
370 1809 449 1870 mihi
468 1827 553 1869 mors
579 1821 627 1870 est
643 1808 814 1872 inhonesta
831 1813 886 1872 fus

134 1953 139 1960 ,
500 1905 596 1968 tura3

162 1977 256 2040 Mors
274 1977 442 2040 inhonesta
458 1973 585 2058 quidem
593 1997 606 2053 3
629 1987 664 2036 tu
680 1975 816 2036 moriere
833 1990 881 2036 ta·

502 2079 586 2118 men.

116 2145 232 2206 Sidera
248 2157 319 2204 sunt
335 2155 455 2215 testes,
473 2155 507 2204 et
526 2139 680 2202 matutina
695 2139 829 2223 pruina,

19 2229 23 2237 ’
160 2229 203 2286 Et
221 2229 329 2307 furtim
349 2226 465 2286 misero
481 2226 576 2303 janua
595 2237 703 2308 aperta
722 2224 820 2298 mihi,

117 2313 166 2372 Te
184 2310 265 2370 nihil
281 2312 315 2370 in
332 2311 399 2370 viis
419 2308 512 2368 nobis
531 2308 692 2390 acceptius
710 2322 858 2388 unquam.

160 2393 254 2456 Nunc
273 2413 400 2478 quoque
425 2393 508 2466 eris,
530 2391 733 2473 quumvissis
751 2391 878 2450 inimica

502 2473 599 2536 mihi:

116 2559 192 2620 Nec
209 2557 335 2618 domina
352 2558 417 2619 ulla
433 2577 504 2620 meo
515 2570 616 2640 ponet
627 2557 762 2640 vestigia
777 2554 877 2617 lecto.

154 2639 256 2700 Solus
275 2661 351 2712 eto,
372 2642 521 2724 quoniam
539 2661 603 2700 non
625 2639 701 2700 licet
721 2659 789 2700 esse
807 2653 876 2702 tuo.
938 2651 941 2656 '

117 2724 228 2806 Atque
247 2725 379 2797 utinam,
399 2725 425 2783 si
442 2723 528 2792 fotid
548 2723 619 2807 pios
639 2722 806 2784 eduximus
824 2745 879 2783 un·

505 2827 585 2880 nos,

165 2888 225 2948 Ille
244 2891 293 2956 vir
308 2891 341 2950 iu
359 2887 466 2950 medio
482 2889 535 2950 fiat
552 2909 656 2950 amore
673 2888 767 2974 lapis.

675 3135 695 3193 S
